Unnamed: 0,Unnamed: 1,Unnamed: 2,Unnamed: 3,Unnamed: 4,Unnamed: 5,Unnamed: 6,Unnamed: 7,Unnamed: 8,Unnamed: 9,Unnamed: 10,Unnamed: 11,Unnamed: 12,Unnamed: 13,Unnamed: 14,Unnamed: 15,Unnamed: 16,Unnamed: 17,Unnamed: 18,Unnamed: 19,Unnamed: 20,Unnamed: 21,Unnamed: 22,Unnamed: 23,Unnamed: 24,Unnamed: 25,Unnamed: 26,Unnamed: 27,Unnamed: 28,Unnamed: 29,Unnamed: 30,Unnamed: 31,Unnamed: 32,Unnamed: 33,Unnamed: 34,Unnamed: 35,Unnamed: 36,Unnamed: 37,Unnamed: 38,Unnamed: 39,Unnamed: 40,Unnamed: 41,Unnamed: 42,Unnamed: 43,Unnamed: 44,Unnamed: 45,Unnamed: 46,Unnamed: 47,Unnamed: 48,Unnamed: 49,Unnamed: 50,Unnamed: 51,Unnamed: 52,Unnamed: 53,Unnamed: 54,Unnamed: 55,Unnamed: 56,Unnamed: 57,Unnamed: 58,Unnamed: 59,Unnamed: 60,Unnamed: 61,Unnamed: 62,BL,BM,BN,BO,BP,BQ,BR,Unnamed: 70,Unnamed: 71,BU,BV,BW,BX,BY,BZ,CA
,기업정보,,,,,,Price,,,Market Cap,수익성,,활동성,밸류 (Oct-25),,,성장률,,밸류에이션,,,,,,매출원가,,,판관비,,,비용 합계,,,연구개발비,,,,,매출원가,,,판관비,,,연구개발비,,,영업이익,,,,,,,,,,,,,,,,,,,,,,,Row,12,,,,,,
,Ticker,Corp,Exchange,WI26,FY 0,설립,현재가,전일대비,전주대비,(USD mn),ROE (Fwd),OPM (Fwd),CCC (FY 0),PER (Oct-25),% PER (Avg),PBR (Oct-25),Sales (3),,PER (3),PER (5),PER (10),PEG (Oct-25),PER (Avg),5Y AVG,FY 0,FQ 0,5Y AVG,FY 0,FQ 0,5Y AVG,FY 0,FQ 0,5Y AVG,FY 0,FQ 0,,,,5Y AVG,FY 0,FQ 0,5Y AVG,FY 0,FQ 0,5Y AVG,FY 0,FQ 0,5Y AVG,FY 0,FQ 0,,,F-4,F-3,F-2,F-1,F0,F+1,F+2,F+3,,,,324,339,492,409,312,226,,93,99,6.144999980926514,45.31000137329102,13.73999977111816,68.25,73500,2.282999992370605
,NVDA,NVIDIA,NASDAQ,반도체,45658,1998,187.62,-0.00672348986182425,0,4559166,0.7943000000000001,0.656064120799905,56.17364560990628,46.45233434695316,-0.1556040109619965,35.7214439673381,0.3489879392813709,Sales (3),17.41571428371695,9.570291310901883,2.1423223727643443,1.3310584441000137,55.01249999999999,0.3217824005153469,0.24549989654934595,0.27360246454014503,0.2600806440961056,0.12571170218472455,0.11580343580857026,0.5818630446114526,0.3712115987340705,0.3894059003487153,0.1888978077370282,0.0989601293516326,0.0917998416875254,,,,0.3217824005153469,0.24549989654934595,0.27360246454014503,0.2600806440961056,0.12571170218472455,0.11580343580857026,0.1888978077370282,0.0989601293516326,0.0917998416875254,0.3933696925518027,0.6241752683969747,0.6084333483088377,NVDA,매출액,16675,26914,26974,60922,130497,206259,275971,320350,,,,NVDA,TSM,AMD,QCOM,000660.KS,SMCI,,,,NVDA,TSM,AMD,QCOM,000660.KS,SMCI
,TSM,Taiwan Semiconductor Manufacturing ADR,NYSE,반도체,45627,1987,292.19,0.014161257852903342,0,1192265,0.2914,0.43766949717689946,56.06727160311162,44.8833511550273,-0.4803513716168074,15.607252170407657,0.21279147378611113,Sales (3),19.590933174111772,13.319344532987728,5.076357242951613,2.109264546949946,86.37249999999999,0.4504580422686154,0.4387734740482895,0.41380219490492043,0.10732698400644944,0.10402855685874554,0.09049863230399104,0.5577850262750649,0.542802030907035,0.5043008272089115,0.07746829409569678,0.07054963084495489,0.06561645189994397,,,,0.4504580422686154,0.4387734740482895,0.41380219490492043,0.10732698400644944,0.10402855685874554,0.09049863230399104,0.07746829409569678,0.07054963084495489,0.06561645189994397,0.4421847563533519,0.45675453960933865,0.4962923903371453,TSM,매출액,45515,56855,76159,69454,90206,119994,137951,160914,,,Date,NVIDIA,Taiwan Semiconductor Manufacturing ADR,Advanced Micro Devices,QUALCOMM,SK하이닉스,Super Micro Computer,,,Date,NVIDIA,Taiwan Semiconductor Manufacturing ADR,Advanced Micro Devices,QUALCOMM,SK하이닉스,Super Micro Computer
,AMD,Advanced Micro Devices,NASDAQ,반도체,45627,1969,164.67,-0.029812054439403823,0,267233.7,0.12890000000000001,0.26550496056982953,119.55031147438974,52.973741300481976,-0.3674965965137521,4.363925721594332,0.22794191572294126,Sales (3),19.501625402611413,12.933473023168524,4.6326132009395895,2.324001758626548,83.7525,0.5336616531802403,0.5064960248206322,0.6019518542615485,0.365152950188,0.41446577467519874,0.4154847104749512,0.8988146033682403,0.9209617994958309,1.0174365647364998,0.21951648878510993,0.2503781268179174,0.24645413142485362,,,,0.5336616531802403,0.5064960248206322,0.6019518542615485,0.365152950188,0.41446577467519874,0.4154847104749512,0.21951648878510993,0.2503781268179174,0.24645413142485362,0.1002338327644503,0.0736862516967229,-0.017436564736499675,AMD,매출액,9763,16434,23601,22680,25785,32778,40145,47742,,,45931,187.62,292.19,164.67,169.18,395500,51.96,,,45748,17724.97941530064,3678.878777074266,7085.15284539912,2175.2381936097754,2414.9659863945576,13955.322258792039
,QCOM,QUALCOMM,NASDAQ,반도체,45536,1991,169.18,0.001954397394136942,0,182342.2,0.3968,0.3411443357283411,72.41988288906373,14.208998295255038,-0.12714438791338178,6.590688447249132,0.0558848085915127,Sales (3),12.509937404110357,11.220754318821559,8.549473010682588,2.542551124960456,16.278750000000002,0.43065460944491185,0.4378625327241928,0.4443801254220936,0.3023896137865974,0.2990606231712951,0.2891461649782923,0.7330442232315093,0.7369231558954878,0.7335262904003859,0.22970971335345886,0.22824803654843182,0.21476121562952244,,,,0.43065460944491185,0.4378625327241928,0.4443801254220936,0.3023896137865974,0.2990606231712951,0.2891461649782923,0.22970971335345886,0.22824803654843182,0.21476121562952244,0.27756049342445827,0.25645500744314975,0.26145682585624697,QCOM,매출액,21731,33566,44200,35820,38962,43624,44412,45866,,,45901,186.5800018310547,279.2900085449219,161.7899932861328,166.3600006103516,336500,47.93999862670898,,,45717,17637.102943827344,3663.650297257602,7477.4381059111565,2250.6959796388514,2594.557823129252,14997.810684577758
,000660.KS,SK하이닉스,KOSPI,반도체,45627,1949,"₩ 395,500",0.0986111111111112,0,186216.28534887024,0.3235,0.4532484133788527,116.6000064255153,9.618571978423851,-0.18397765302427638,2.763230850768828,0.20089317186011987,Sales (3),5.286748721549834,3.665894125500501,1.4677701139535213,0.478790388412065,11.787142857142857,0.6811107519381824,0.5191606363210611,0.4609841669665347,0.17549625313655492,0.1263094284894173,0.12461766822598057,0.8566070050747373,0.6454700648104784,0.5856018351925153,,,,,,,0.6811107519381824,0.5191606363210611,0.4609841669665347,0.17549625313655492,0.1263094284894173,0.12461766822598057,0xf,0xf,0xf,0.14339285495949503,0.35452842445575816,0.4143981648074847,000660.KS,매출액,319004,429978,446216,327657,661930,889742,1068336,1146371,,,45870,174.1799926757812,230.8699951171875,162.6300048828125,160.7299957275391,269000,41.54000091552734,,,45689,20328.72230377297,3984.3300222390694,7267.831315416752,2302.857116028503,2587.7551020408164,18160.31503417647
,SMCI,Super Micro Computer,NASDAQ,IT하드웨어,45809,2006,51.96,-0.010285714285714231,0,30878.44,0.25379999999999997,0.06436051164708817,93.24347488417753,26.984321748163847,0.2925847193899218,4.629445829607618,0.2953379409047638,Sales (3),11.099381180927523,6.615041813946944,1.8139159597933567,0.9136760981504016,20.876249999999995,0.853538405609474,0.889404696886947,0.9055063401076949,0.07765613785086162,0.05356817768068451,0.05488969949626542,0.9311945434603357,0.9429728745676316,0.9603960396039604,0.04367393443717641,0.028991443655561625,0.03178738926524231,,,,0.853538405609474,0.889404696886947,0.9055063401076949,0.07765613785086162,0.05356817768068451,0.05488969949626542,0.04367393443717641,0.028991443655561625,0.03178738926524231,0.06852496969909448,0.05566175131986164,0.039603960396039604,SMCI,매출액,3557,5196,7123,14989,21972,32145,39954,47755,,,45839,177.8699951171875,241.6199951171875,176.3099975585938,146.7599945068359,273500,58.97000122070312,,,45658,19539.46298901707,4619.7307653935995,8438.864547288576,2533.7727864583326,2710.204081632653,12492.334889650732
,,   ,,,,,,,,,,,,,,,,,,,,,,,,,,,,,,,,,,,,,,,,,,,,,,,,,,,,,,,,,,,,,45809,157.9900054931641,226.4900054931641,141.8999938964844,159.2599945068359,292000,49.0099983215332,,,45627,21853.53843823531,4358.640465846001,8791.121028213629,2250.8424192994507,2365.986394557823,13350.853983396964
,,   ,,,,,,,,,,,,,,,,,,,,,,,,,,,,Historical Prices,,,43101,to,45748,,,,,,,,,,,,,,,,Sales Index,,F-4,F-3,F-2,F-1,F0,F+1,F+2,F+3,,,45778,135.1300048828125,193.3200073242188,110.7300033569336,145.1999969482422,204500,40.02000045776367,,,45597,22497.96589570621,4075.479983784801,9983.987988423196,2322.7838648981233,2175.5102040816328,14296.977441404171
,,   ,,,,,,,,,,,,,,,,,,,,,,,,,,,,,,,,,"(Jan-18=1,000)",,,,,,,,,,,,,,,,NVDA,NVIDIA,1000,1614.032983508246,1617.6311844077961,3653.4932533733136,7825.907046476762,12369.35532233883,16549.98500749625,19211.394302848574,,,45748,108.9199981689453,166.6900024414062,97.3499984741211,148.4600067138672,177500,31.86000061035156,,,45566,21604.55572317496,4205.2524279650725,10485.444666968462,2384.908487508585,2534.6938775510207,12750.766845217782
,,   ,,,,,,,,,,,,,,,,,,,,,,,,,,,,,,,,,,,,,,,,,,,,,,,,,TSM,Taiwan Semiconductor Manufacturing ADR,1000,1249.1486323190156,1673.2725475118093,1525.958475227947,1981.8960782159727,2636.3616390201037,3030.8909150829395,3535.405910139514,,,45717,108.379997253418,166,102.7399978637695,153.6100006103516,190700,34.2400016784668,,,45536,19762.40892080459,3832.9285567252027,11941.776169163784,2491.5751362894916,2375.5102040816328,18239.158794919924
,,   ,,,,,,,,,,,,,,,,,,,,,,,,,,,,,,,,,,,,,,,,,,,,,,,,,AMD,Advanced Micro Devices,1000,1683.294069445867,2417.392195022022,2323.056437570419,2641.0939260473215,3357.3696609648678,4111.9532930451705,4890.095257605244,,,45689,124.9199981689453,180.5299987792969,99.86000061035156,157.1699981689453,190200,41.45999908447266,,,45505,19425.549734270946,3789.4502702322698,10812.227076660569,2568.4982132125688,2363.2653061224487,19172.14218310798
,,   ,,,,,,,,,,,,,,,,,,,,,,,,,,,,,,,,,,,,,,,,,,,,,,,,,QCOM,QUALCOMM,1000,1544.6136855183838,2033.960701302287,1648.3364778427133,1792.922553034835,2007.454788090746,2043.716349914868,2110.625373889835,,,45658,120.0699996948242,209.3200073242188,115.9499969482422,172.9299926757812,199200,28.52000045776367,,,45474,19043.12400427749,3659.2363281077337,10515.283707008484,2651.282006567651,2647.6190476190477,30733.684253178606
,,   ,,,,,,,,,,,,,,,,,,,,,,,,,,,,,,,,,,,,,,,,,,,,,,,,,000660.KS,SK하이닉스,1000,1347.8765156549762,1398.7786986997028,1027.1250517234894,2074.989655302128,2789.124901255157,3348.9736805808075,3593.5944376873017,,,45627,134.2899932861328,197.4900054931641,120.7900009155273,153.6199951171875,173900,30.47999954223633,,,45444,20104.149926604317,3836.0183688065376,11805.677541191584,2918.3881710737173,3217.6870748299316,35889.17995287187
,,   ,,,,,,,,,,,,,,,,,,,,,,,,,,,,,,,,,,,,,,,,,,,,,,,,,SMCI,Super Micro Computer,1000,1460.7815574922686,2002.530222097273,4213.94433511386,6177.115546809109,9037.109924093338,11232.499297160528,13425.639583919032,,,45597,138.25,184.6600036621094,137.1799926757812,158.5299987792969,159900,32.63999938964844,,,45413,17841.00953216494,3333.4802186778716,12147.015769775524,2989.74363445799,2574.1496598639455,34363.117240952946
,,   ,,,,,,,,,,,,,,,,,,,,,,,,,,,,,,,,,,,,,,,,,,,,,,,,,,,,,,,,,,,,,45566,132.7599945068359,190.5399932861328,144.0700073242188,162.7700042724609,186300,29.11000061035156,,,45383,14060.537135139066,3031.1187855944027,11526.929222788738,2430.03671946543,2370.0680272108843,37617.1693124898
,,   ,,,,,,,,,,,,,,,,,,,,,,,,,,,,,,,,,,,,,,,,,,,,,,,,,OPM,,F-4,F-3,F-2,F-1,F0,F+1,F+2,F+3,,,45536,121.4400024414062,173.6699981689453,164.0800018310547,170.0500030517578,174600,41.63999938964844,,,45352,14703.987483819934,3002.648398328133,13136.099599692776,2480.586125300481,2489.795918367347,44241.34852807075
,,   ,,,,,,,,,,,,,,,,,,,,,,,,,,,,,,,,,,,,,,,,,,,,,,,,,NVDA,NVIDIA,0.2718,0.37310000000000004,0.1566,0.5412,0.6242,0.6259,0.6636,0.6666,,,45505,119.370002746582,171.6999969482422,148.5599975585938,175.3000030517578,173700,43.77000045776367,,,45323,12874.206632591498,2839.770343613202,14012.3727792194,2311.941293569712,2125.1700680272106,37937.80105175699
,,   ,,,,,,,,,,,,,,,,,,,,,,,,,,,,,,,,,,,,,,,,,,,,,,,,,TSM,Taiwan Semiconductor Manufacturing ADR,0.4232,0.40950000000000003,0.4953,0.4263,0.4568,0.44179999999999997,0.43700000000000006,0.413,,,45474,117.0199966430664,165.8000030517578,144.4799957275391,180.9499969482422,194600,70.16500091552734,,,45292,10012.530613217243,2493.0477965304026,12204.512753624273,2175.970615484775,1832.6530612244899,23197.98454320755
,,   ,,,,,,,,,,,,,,,,,,,,,,,,,,,,,,,,,,,,,,,,,,,,,,,,,AMD,Advanced Micro Devices,0.13470000000000001,0.2216,0.0536,0.0177,0.0737,0.2202,0.2729,0.2937,,,45444,123.5400009155273,173.8099975585938,162.2100067138672,199.1799926757812,236500,81.93499755859375,,,45261,8058.909603391759,2295.298981414401,10728.530285129196,2119.1209506639193,1925.1700680272108,12451.161055666927
,,   ,,,,,,,,,,,,,,,,,,,,,,,,,,,,,,,,,,,,,,,,,,,,,,,,,QCOM,QUALCOMM,0.2692,0.2907,0.3578,0.2137,0.2565,0.35009999999999997,0.34119999999999995,0.34009999999999996,,,45413,109.6330032348633,151.0399932861328,166.8999938964844,204.0500030517578,189200,78.45099639892578,,,45231,7611.066005359355,2147.6494065161355,8818.049903959307,1890.8425355568909,1821.768707482993,11978.537106202059
,,   ,,,,,,,,,,,,,,,,,,,,,,,,,,,,,,,,,,,,,,,,,,,,,,,,,000660.KS,SK하이닉스,0.15710000000000002,0.28859999999999997,0.15259999999999999,-0.2359,0.35450000000000004,0.4376,0.4559,0.4302,,,45383,86.4020004272461,137.3399963378906,158.3800048828125,165.8500061035156,174200,85.87999725341797,,,45200,6636.2894883440285,1904.8773988665353,7168.850192199389,1596.9230456229964,1582.312925170068,10489.268761965315
,,   ,,,,,,,,,,,,,,,,,,,,,,,,,,,,,,,,,,,,,,,,,,,,,,,,,SMCI,Super Micro Computer,0.0348,0.0645,0.1069,0.0808,0.0557,0.0633,0.066,0.06570000000000001,,,45352,90.35600280761719,136.0500030517578,180.4900054931641,169.3000030517578,183000,101.0029983520508,,,45170,7078.763333496031,1917.8988941082669,7483.260655575448,1627.2527114812278,1560.5442176870747,12011.388951664214
,,   ,,,,,,,,,,,,,,,,,,,,,,,,,,,,,,,,,,,,,,,,,,,,,,,,,,,,,,,,,,,,,45323,79.11199951171875,128.6699981689453,192.5299987792969,157.7899932861328,156200,86.61199951171875,,,45139,8031.733066790802,2065.106971062268,7694.323361120377,1678.0952202094786,1657.1428571428573,12049.05804296673
,,   ,,,,,,,,,,,,,,,,,,,,,,,,,,,,,,,,,,,,,,,,,,,,,,,,,NVDA,,,,,,,,,,,,45292,61.52700042724609,112.9599990844727,167.6900024414062,148.5099945068359,134700,52.96099853515625,,,45108,7604.393854612698,2188.258629899867,8326.055562704643,1936.5567497281363,1678.9115646258504,14466.491694094027
,,   ,,,,,,,,,,,,,,,,,,,,,,,,,,,,,,,,,,,,,,,,,,,,,,,,,항목,2021/01,2022/01,2023/01,2024/01,2025/01,전년대비,2025/07,전년동기대비,,,,45261,49.52199935913086,104,147.4100036621094,144.6300048828125,141500,28.42600059509277,,,45078,6883.970426318803,2227.3227788608015,8290.393417731433,1744.1758375901436,1567.3469387755101,10917.651914303822
,,   ,,,,,,,,,,,,,,,,,,,,,,,,,,,,,,,,,,,,,,,,,,,,,,,,,매출액(수익),16675,26914,26974,60922,130497,114.2,46743,55.6,,,,45231,46.77000045776367,97.30999755859375,121.1600036621094,129.0500030517578,133900,27.34700012207031,,,45047,6156.875468058934,2175.899213192403,8603.347966056972,1661.6850353422624,1477.5510204081631,9809.46146850807
,,   ,,,,,,,,,,,,,,,,,,,,,,,,,,,,,,,,,,,,,,,,,,,,,,,,,매출원가,6157,8793,10921,15998,32037,100.26,12789,74.67,,,,45200,40.77999877929688,86.30999755859375,98.5,108.9899978637695,116300,23.94700050354004,,,45017,4515.703927656083,1860.5164532493327,6504.367120474057,1711.3553560697112,1217.687074829932,4618.046542481533
,,   ,,,,,,,,,,,,,,,,,,,,,,,,,,,,,,,,,,,,,,,,,,,,,,,,,판매비와관리비,5836,7434,9779,11329,16405,44.81,5413,37.67,,,,45170,43.49900054931641,86.9000015258789,102.8199996948242,111.0599975585938,114700,27.42200088500977,,,44986,4520.260457845926,2052.9683033269357,7133.188047226177,1869.3040561326698,1205.4421768707484,4667.104585448258
,,   ,,,,,,,,,,,,,,,,,,,,,,,,,,,,,,,,,,,,,,,,,,,,,,,,,연구개발비,3924,5268,7339,8675,12914,48.86,4291,38.87,,,,45139,49.35499954223633,93.56999969482422,105.7200012207031,114.5299987792969,121800,27.50799942016602,,,44958,3778.0308666121564,1921.6507847238677,5719.068641924719,1809.9633520776104,1216.3265306122448,4291.2833833006325
,,   ,,,,,,,,,,,,,,,,,,,,,,,,,,,,,,,,,,,,,,,,,,,,,,,,,영업이익,4532,10041,4224,32972,81453,147.04,28440,52.56,,,,45108,46.72900009155273,99.1500015258789,114.4000015258789,132.1699981689453,123400,33.02700042724609,,,44927,3179.3329075295187,2046.5680985742663,5469.43251657443,1951.7949701665523,1204.0816326530612,3168.19966088795
,,   ,,,,,,,,,,,,,,,,,,,,,,,,,,,,,,,,,,,,,,,,,,,,,,,,,,,,,,,,,,,,,45078,42.30199813842773,100.9199981689453,113.9100036621094,119.0400009155273,115200,24.92499923706055,,,44896,2378.1937129039898,1644.0078482910685,4713.973633334015,1610.84252661401,1020.4081632653061,3596.145451416289
,,   ,,,,,,,,,,,,,,,,,,,,,,,,,,,,,,,,,,,,,,,,,,,,,,,,,,2021/01,2022/01,2023/01,2024/01,2025/01,5Y AVG,2025/07,,,,,45047,37.83399963378906,98.58999633789062,118.2099990844727,113.4100036621094,108600,22.39500045776367,,,44866,2753.946360979775,1831.383819066666,5649.927114016279,1853.3333020332527,1156.4625850340135,3952.2557133780506
,,   ,,,,,,,,,,,,,,,,,,,,,,,,,,,,,,,,,,,,,,,,,,,,,,,,,매출원가,0.36923538230884556,0.32670728988630454,0.4048713576036183,0.2625980762286202,0.24549989654934595,0.3217824005153469,0.27360246454014503,,,,,45017,27.74900054931641,84.30000305175781,89.37000274658203,116.8000030517578,89500,10.54300022125244,,,44835,2196.4198181438524,1358.4197168738676,4371.179212065106,1723.9560976133246,1125.170068027211,3048.1822750249703
,,   ,,,,,,,,,,,,,,,,,,,,,,,,,,,,,,,,,,,,,,,,,,,,,,,,,판매비와관리비,0.3499850074962519,0.2762131232815635,0.3625342922814562,0.18595909523653195,0.12571170218472455,0.2600806440961056,0.11580343580857026,,,,,44986,27.77700042724609,93.0199966430664,98.01000213623047,127.5800018310547,88600,10.65499973297119,,,44805,1975.427172765358,1513.131659250135,4611.353833028144,1655.3846645704555,1130.6122448979593,2412.176954833935
,,   ,,,,,,,,,,,,,,,,,,,,,,,,,,,,,,,,,,,,,,,,,,,,,,,,,연구개발비,0.2353223388305847,0.19573456193802483,0.2720768147104619,0.14239519385443683,0.0989601293516326,0.1888978077370282,0.0917998416875254,,,,,44958,23.21599960327148,87.06999969482422,78.58000183105469,123.5299987792969,89400,9.79699993133545,,,44774,2456.305925064478,1839.5496788321348,6176.85619798779,1938.0220406221379,1295.2380952380954,2850.6350936275926
,,   ,,,,,,,,,,,,,,,,,,,,,,,,,,,,,,,,,,,,,,,,,,,,,,,,,영업이익,0.271784107946027,0.3730772088875678,0.1565952398606065,0.5412166376678376,0.6241752683969747,0.3933696925518027,0.6084333483088377,,,,,44927,19.53700065612793,92.7300033569336,75.1500015258789,133.2100067138672,88500,7.232999801635742,,,44743,2955.736397589539,1952.769822891466,6875.546054904713,2125.4212096497263,1331.9727891156463,2365.7468422853267
,,   ,,,,,,,,,,,,,,,,,,,,,,,,,,,,,,,,,,,,,,,,,,,,,,,,,,,,,,,,,,,,,44896,14.61400032043457,74.48999786376953,64.7699966430664,109.9400024414062,75000,8.210000038146973,,,44713,2466.8837174581927,1804.2374204868008,5565.502364959647,1871.648320348271,1238.095238095238,1767.4112399896574
,,PBR (Oct-25) & ROE (Fwd),PER (Oct-25) & OPM (Fwd),PER (Oct-25) & Sales (3),,,,,,,,,,,,,,,,,,,,,,,,,,,,,,,,,,,,,,,,,,,,,,,TSM,,,,,,,,,,,,44866,16.92300033569336,82.9800033569336,77.62999725341797,126.4899978637695,85000,9.02299976348877,,,44682,3038.568094868325,2103.288460898933,7413.391725410651,2098.461556347298,1469.387755102041,2192.7288912355957
,,   ,,,,,,,,,,,,,,,,,,,,,,,,,,,,,,,,,,,,,,,,,,,,,,,,,항목,2020/12,2021/12,2022/12,2023/12,2024/12,전년대비,2025/06,전년동기대비,,,,44835,13.49699974060059,61.54999923706055,60.06000137329102,117.6600036621094,82700,6.959000110626221,,,44652,3018.226353552135,2050.982067724134,6224.162887020689,2046.7399625114463,1530.612244897959,1844.0648498537325
,,   ,,,,,,,,,,,,,,,,,,,,,,,,,,,,,,,,,,,,,,,,,,,,,,,,,매출액(수익),45515,56855,76159,69454,90206,29.88,30343,45.64,,,,44805,12.13899993896484,68.55999755859375,63.36000061035156,112.9800033569336,83100,5.506999969482422,,,44621,4440.35791420485,2301.037276014934,7957.787347837234,2239.12098643544,1605.4421768707482,1667.54267828342
,,   ,,,,,,,,,,,,,,,,,,,,,,,,,,,,,,,,,,,,,,,,,,,,,,,,,매출원가,21346,27502,30799,31699,39580,24.86,12556,28.7,,,,44774,15.0939998626709,83.3499984741211,84.87000274658203,132.2700042724609,95200,6.507999897003174,,,44593,3968.2669332091987,2361.730277927334,8976.710217794509,2520.0000804859205,1673.4693877551022,1720.9811274410495
,,   ,,,,,,,,,,,,,,,,,,,,,,,,,,,,,,,,,,,,,,,,,,,,,,,,,판매비와관리비,4931,6066,7627,8156,9384,15.07,2746,26.28,,,,44743,18.16300010681152,88.4800033569336,94.47000122070312,145.0599975585938,97900,5.401000022888184,,,44562,3984.70303287833,2706.4664210252035,8315.138420901323,2575.2380147521744,1639.4557823129253,1774.8576694338403
,,   ,,,,,,,,,,,,,,,,,,,,,,,,,,,,,,,,,,,,,,,,,,,,,,,,,연구개발비,3721,4467,5492,5859,6364,8.61,1991,33.94,,,,44713,15.15900039672852,81.75,76.47000122070312,127.7399978637695,91000,4.034999847412109,,,44531,4786.167516580082,2655.2636043289367,10473.071054845717,2679.413847870879,1782.312925170068,1925.0985526122868
,,   ,,,,,,,,,,,,,,,,,,,,,,,,,,,,,,,,,,,,,,,,,,,,,,,,,영업이익,19262,23280,37719,29604,41202,39.18,15059,69.89,,,,44682,18.67200088500977,95.30000305175781,101.8600006103516,143.2200012207031,108000,5.00600004196167,,,44501,5317.493700434057,2585.521915144667,11526.20070999458,2645.567729796246,1551.0204081632653,1813.4033641352457
,,,,,,,,,,,,,,,,,,,,,,,,,,,,,,,,,,,,,,,,,,,,,,,,,,,,,,,,,,,,,,,44652,18.54700088500977,92.93000030517578,85.5199966430664,139.6900024414062,112500,4.210000038146973,,,44470,4160.6183099727095,2509.3796844434696,8750.364291101389,1949.303930932349,1401.360544217687,1550.1533272706995
,,,,,,,,,,,,,,,,,,,,,,,,,,,,,,,,,,,,,,,,,,,,,,,,,,,,2020/12,2021/12,2022/12,2023/12,2024/12,5Y AVG,2025/06,,,,,44621,27.2859992980957,104.2600021362305,109.3399963378906,152.8200073242188,118000,3.806999921798706,,,44440,3371.196040288355,2464.1359113198673,7489.083205239742,1889.81678721669,1401.360544217687,1601.8397183841096
,,,,,,,,,,,,,,,,,,,,,,,,,,,,,,,,,,,,,,,,,,,,,,,,,,,매출원가,0.4689882456333077,0.483721748307097,0.40440394437952176,0.4564027989748611,0.4387734740482895,0.4504580422686154,0.41380219490492043,,,,,44593,24.38500022888184,107.0100021362305,123.3399963378906,171.9900054931641,123000,3.928999900817871,,,44409,3642.7990721501574,2626.572468090534,8058.2243861051165,2149.304065075549,1448.9795918367347,1600.5256487429092
,,,,,,,,,,,,,,,,,,,,,,,,,,,,,,,,,,,,,,,,,,,,,,,,,,,판매비와관리비,0.10833791057893002,0.1066924632837921,0.10014574771202353,0.11743024159875601,0.10402855685874554,0.10732698400644944,0.09049863230399104,,,,,44562,24.48600006103516,122.629997253418,114.25,175.7599945068359,120500,4.052000045776367,,,44378,3173.1490007875386,2574.266074915734,7728.530146311964,2194.871839586195,1530.612244897959,1666.2286086422196
,,,,,,,,,,,,,,,,,,,,,,,,,,,,,,,,,,,,,,,,,,,,,,,,,,,연구개발비,0.08175326815335604,0.0785682877495383,0.07211229139038065,0.08435799234025398,0.07054963084495489,0.07746829409569678,0.06561645189994397,,,,,44531,29.4109992980957,120.3099975585938,143.8999938964844,182.8699951171875,131000,4.394999980926514,,,44348,3255.0855323260294,2651.9532116576,6836.244677574093,2094.212346897893,1734.6938775510203,1540.9548397822969
,,,,,,,,,,,,,,,,,,,,,,,,,,,,,,,,,,,,,,,,,,,,,,,,,,,영업이익,0.42320114248050095,0.40946266819101224,0.49526648196536194,0.426238949520546,0.45675453960933865,0.4421847563533519,0.4962923903371453,,,,,44501,32.67599868774414,117.1500015258789,158.3699951171875,180.5599975585938,114000,4.139999866485596,,,44317,2643.5312053644143,2590.156633266669,5828.238949420142,1971.2819529103708,1727.891156462585,1521.681992431594
,,,,,,,,,,,,,,,,,,,,,,,,,,,,,,,,,,,,,,,,,,,,,,,,,,,,,,,,,,,,,,,44470,25.5669994354248,113.6999969482422,120.2300033569336,133.0399932861328,103000,3.539000034332275,,,44287,2442.5548570307174,2576.473059490668,5940.320531747709,2033.6996784140338,1741.4965986394557,1621.5505541378316
,,,,,,,,,,,,,,,,,,,,,,,,,,,,,,,,,,,,,,,,,,,,,,,,,,,AMD,,,,,,,,,,,,44440,20.71599960327148,111.6500015258789,102.9000015258789,128.9799957275391,103000,3.657000064849854,,,44256,2172.213251510301,2610.461160767469,5713.246092260428,1942.7105690533422,1802.7210884353742,1710.9066631466073
,,,,,,,,,,,,,,,,,,,,,,,,,,,,,,,,,,,,,,,,,,,,,,,,,,,항목,2020/12,2021/12,2022/12,2023/12,2024/12,전년대비,2025/06,전년동기대비,,,,44409,22.38500022888184,119.0100021362305,110.7200012207031,146.6900024414062,106500,3.654000043869019,,,44228,2231.8145597745443,2779.5188396450653,6150.655279767377,1995.4579112293948,1925.1700680272108,1429.2597557373979
,,,,,,,,,,,,,,,,,,,,,,,,,,,,,,,,,,,,,,,,,,,,,,,,,,,매출액(수익),9763,16434,23601,22680,25785,13.69,7685,31.71,,,,44378,19.49900054931641,116.6399993896484,106.1900024414062,149.8000030517578,112500,3.803999900817871,,,44197,2113.873059197103,2681.9685049645364,6232.896711517125,2289.8168319310903,1666.6666666666667,1357.862424438124
,,,,,,,,,,,,,,,,,,,,,,,,,,,,,,,,,,,,,,,,,,,,,,,,,,,매출원가,5416,8505,12998,12220,13060,6.87,4626,55.71,,,,44348,20.00250053405762,120.1600036621094,93.93000030517578,142.9299926757812,127500,3.517999887466431,,,44166,2124.491512725344,2406.5327214888,6674.672533637844,2232.0878584306315,1612.2448979591836,1386.7717476802488
,,,,,,,,,,,,,,,,,,,,,,,,,,,,,,,,,,,,,,,,,,,,,,,,,,,판매비와관리비,2978,4293,9441,10093,10687,5.89,3193,22.57,,,,44317,16.24449920654297,117.3600006103516,80.08000183105469,134.5399932861328,127000,3.473999977111816,,,44136,2180.878729019844,2141.249033381336,6743.814061546284,2156.336969508356,1326.5306122448978,1235.6548876957636
,,,,,,,,,,,,,,,,,,,,,,,,,,,,,,,,,,,,,,,,,,,,,,,,,,,연구개발비,1983,2845,5005,5872,6456,9.95,1894,19.65,,,,44287,15.00949954986572,116.7399978637695,81.62000274658203,138.8000030517578,128000,3.70199990272522,,,44105,2039.7071498182008,1851.0262680331996,5479.621700852492,1807.472536415408,1087.0748299319728,995.1818142703601
,,,,,,,,,,,,,,,,,,,,,,,,,,,,,,,,,,,,,,,,,,,,,,,,,,,영업이익,1315,3641,1264,401,1900,373.82,-134,-149.81,,,,44256,13.34825038909912,118.2799987792969,78.5,132.5899963378906,132500,3.905999898910522,,,44075,2201.8715140739896,1789.2296896422677,5967.248852224486,1724.2490887205245,1142.857142857143,1156.3732429814293
,,,,,,,,,,,,,,,,,,,,,,,,,,,,,,,,,,,,,,,,,,,,,,,,,,,,,,,,,,,,,,,44228,13.71450042724609,125.9400024414062,84.51000213623047,136.1900024414062,141500,3.263000011444092,,,44044,2176.48499856328,1749.061964202801,6609.898195612072,1745.054922697745,1021.7687074829931,1199.737227844617
,,,,,,,,,,,,,,,,,,,,,,,,,,,,,,,,,,,,,,,,,,,,,,,,,,,,2020/12,2021/12,2022/12,2023/12,2024/12,5Y AVG,2025/06,,,,,44197,12.98974990844727,121.5199966430664,85.63999938964844,156.2799987792969,122500,3.099999904632568,,,44013,1727.379974189492,1741.1166850273346,5635.37129512445,1547.399276342148,1126.5306122448978,1327.6390315547983
,,,,,,,,,,,,,,,,,,,,,,,,,,,,,,,,,,,,,,,,,,,,,,,,,,,매출원가,0.5547475161323364,0.5175246440306681,0.5507393754501928,0.5388007054673721,0.5064960248206322,0.5336616531802403,0.6019518542615485,,,,,44166,13.05500030517578,109.0400009155273,91.70999908447266,152.3399963378906,118500,3.165999889373779,,,43983,1545.6062346245237,1252.9242714000004,3828.9666293109526,1336.4102429959364,1157.8231292517007,1243.5392011108243
,,,,,,,,,,,,,,,,,,,,,,,,,,,,,,,,,,,,,,,,,,,,,,,,,,,판매비와관리비,0.3050291918467684,0.2612267250821468,0.4000254226515826,0.44501763668430333,0.41446577467519874,0.365152950188,0.4154847104749512,,,,,44136,13.40149974822998,97.0199966430664,92.66000366210938,147.1699981689453,97500,2.821000099182129,,,43952,1444.3449557185502,1110.7923263211997,3915.574973308919,1185.054904811985,1108.8435374149658,1137.1002911985843
,,,,,,,,,,,,,,,,,,,,,,,,,,,,,,,,,,,,,,,,,,,,,,,,,,,연구개발비,0.20311379698863055,0.17311670926128758,0.21206728528452184,0.2589065255731922,0.2503781268179174,0.21951648878510993,0.24645413142485362,,,,,44105,12.53400039672852,83.87000274658203,75.29000091552734,123.3600006103516,79900,2.272000074386597,,,43922,1189.0968564519949,1172.5888205210665,3812.9548953686003,1152.6739658453525,1138.7755102040817,1003.0661276854203
,,,,,,,,,,,,,,,,,,,,,,,,,,,,,,,,,,,,,,,,,,,,,,,,,,,영업이익,0.13469220526477518,0.2215528781793842,0.05355705266725986,0.017680776014109348,0.0736862516967229,0.1002338327644503,-0.017436564736499675,,,,,44075,13.5305004119873,81.06999969482422,81.98999786376953,117.6800003051758,84000,2.640000104904175,,,43891,1072.416627020767,1054.7340425307998,3310.0436899450665,991.2088135659914,1133.3333333333333,932.1068892213082
,,,,,,,,,,,,,,,,,,,,,,,,,,,,,,,,,,,,,,,,,,,,,,,,,,,,,,,,,,,,,,,44044,13.3745002746582,79.25,90.81999969482422,119.0999984741211,75100,2.739000082015991,,,43862,1098.7388142111286,1188.2586298998672,3310.0436899450665,1147.2527919671475,1195.9183673469388,1111.695188477041
,,,,,,,,,,,,,,,,,,,,,,,,,,,,,,,,,,,,,,,,,,,,,,,,,,,QCOM,,,,,,,,,,,,44013,10.61474990844727,78.88999938964844,77.43000030517578,105.6100006103516,82800,3.030999898910522,,,43831,961.8795655994076,1190.4656144748012,3420.6696348565615,1249.96333419185,1272.108843537415,1224.7043421631406
,,,,,,,,,,,,,,,,,,,,,,,,,,,,,,,,,,,,,,,,,,,,,,,,,,,항목,2020/09,2021/09,2022/09,2023/09,2024/09,전년대비,2025/06,전년동기대비,,,,43983,9.497750282287598,56.77000045776367,52.61000061035156,91.20999908447266,85100,2.83899998664856,,,43800,957.2823742750348,1282.2775703637346,3337.7002455815527,1292.7473019330928,1280.2721088435374,1052.1243795164294
,,,,,,,,,,,,,,,,,,,,,,,,,,,,,,,,,,,,,,,,,,,,,,,,,,,매출액(수익),21731,33566,44200,35820,38962,8.77,10365,10.35,,,,43952,8.875499725341797,50.33000183105469,53.79999923706055,80.87999725341797,81500,2.595999956130981,,,43770,881.7737938832772,1171.7059930146672,2849.345136684299,1224.1758688902244,1100.6802721088436,932.982970459489
,,,,,,,,,,,,,,,,,,,,,,,,,,,,,,,,,,,,,,,,,,,,,,,,,,,매출원가,9255,14262,18635,15869,17060,7.51,4606,10.35,,,,43922,7.307000160217285,53.13000106811523,52.38999938964844,78.66999816894531,83700,2.289999961853027,,,43739,817.8193386994134,1139.4835467506666,2469.432377757206,1178.6080943795787,1115.6462585034012,905.825705261584
,,,,,,,,,,,,,,,,,,,,,,,,,,,,,,,,,,,,,,,,,,,,,,,,,,,판매비와관리비,8049,9515,10764,11301,11652,3.11,2997,2.53,,,,43891,6.590000152587891,47.79000091552734,45.47999954223633,67.6500015258789,83300,2.128000020980835,,,43709,708.1773654207625,1025.8220731292008,2109.898126203459,1117.6556597699177,1118.3673469387757,840.9986699522414
,,,,,,,,,,,,,,,,,,,,,,,,,,,,,,,,,,,,,,,,,,,,,,,,,,,연구개발비,5975,7176,8194,8818,8893,0.85,2226,-1.46,,,,43862,6.751749992370605,53.84000015258789,45.47999954223633,78.30000305175781,87900,2.538000106811523,,,43678,681.488995226895,940.8519041282665,2288.937502680908,1139.4871303013392,1053.061224489796,827.858077972379
,,,,,,,,,,,,,,,,,,,,,,,,,,,,,,,,,,,,,,,,,,,,,,,,,,,영업이익,5850,9756,15813,7656,9992,30.51,2710,22.29,,,,43831,5.910749912261963,53.93999862670898,47,85.30999755859375,93500,2.796000003814697,,,43647,686.4117084202456,940.8519041282665,2216.15729768396,1071.9414455986723,1046.2585034013605,802.0148824156742
,,,,,,,,,,,,,,,,,,,,,,,,,,,,,,,,,,,,,,,,,,,,,,,,,,,,,,,,,,,,,,,43800,5.882500171661377,58.09999847412109,45.86000061035156,88.2300033569336,94100,2.401999950408936,,,43617,668.1448489287537,864.4890086460014,2210.3348868368935,1114.5787501073146,945.5782312925171,847.5689659421723
,,,,,,,,,,,,,,,,,,,,,,,,,,,,,,,,,,,,,,,,,,,,,,,,,,,,2020/09,2021/09,2022/09,2023/09,2024/09,5Y AVG,2025/06,,,,,43770,5.418499946594238,53.09000015258789,39.15000152587891,83.55000305175781,80900,2.130000114440918,,,43586,551.0984364940201,846.3914657201343,1994.90540786097,979.0476145761791,888.4353741496599,832.2382752989998
,,,,,,,,,,,,,,,,,,,,,,,,,,,,,,,,,,,,,,,,,,,,,,,,,,,매출원가,0.4258892825916893,0.42489423821724365,0.42160633484162896,0.44302065884980457,0.4378625327241928,0.43065460944491185,0.4443801254220936,,,,,43739,5.025499820709229,51.63000106811523,33.93000030517578,80.44000244140625,82000,2.068000078201294,,,43556,736.3710511655972,967.1153910106673,2010.9170029860977,1261.9779817350618,1074.8299319727892,982.0412222904978
,,,,,,,,,,,,,,,,,,,,,,,,,,,,,,,,,,,,,,,,,,,,,,,,,,,판매비와관리비,0.3703925268050251,0.28347136983852705,0.24352941176470588,0.31549413735343385,0.2990606231712951,0.3023896137865974,0.2891461649782923,,,,,43709,4.351749897003174,46.47999954223633,28.98999977111816,76.27999877929688,82200,1.919999957084656,,,43525,730.5125886950095,903.994655551201,1857.3508648382497,835.6043777186356,1009.5238095238095,925.5365410153062
,,,,,,,,,,,,,,,,,,,,,,,,,,,,,,,,,,,,,,,,,,,,,,,,,,,연구개발비,0.2749528323593024,0.21378776142525174,0.1853846153846154,0.24617532104969292,0.22824803654843182,0.22970971335345886,0.21476121562952244,,,,,43678,4.187749862670898,42.63000106811523,31.45000076293945,77.7699966430664,77400,1.889999985694885,,,43497,627.5833884987497,861.8406103178675,1712.5182735523906,782.2710533281822,952.3809523809523,837.4945016477303
,,,,,,,,,,,,,,,,,,,,,,,,,,,,,,,,,,,,,,,,,,,,,,,,,,,영업이익,0.26920068105471445,0.29065125424536736,0.35776018099547513,0.2137353433835846,0.25645500744314975,0.27756049342445827,0.26145682585624697,,,,,43647,4.217999935150146,42.63000106811523,30.45000076293945,73.16000366210938,76900,1.830999970436096,,,43466,584.8250628404642,830.2802425881343,1776.5647928701258,725.5677722749257,1005.4421768707482,661.4104229125792
,,,,,,,,,,,,,,,,,,,,,,,,,,,,,,,,,,,,,,,,,,,,,,,,,,,,,,,,,,,,,,,43617,4.10575008392334,39.16999816894531,30.3700008392334,76.06999969482422,69500,1.934999942779541,,,43435,543.1245086617918,814.6104332093338,1343.5225176113947,833.8461516104338,823.1292517006802,604.4678054504387
,,,,,,,,,,,,,,,,,,,,,,,,,,,,,,,,,,,,,,,,,,,,,,,,,,,000660.KS,,,,,,,,,,,,43586,3.386499881744385,38.34999847412109,27.40999984741211,66.81999969482422,65300,1.899999976158142,,,43405,664.8901734220667,829.618164053867,1550.2183109081054,853.6263490334536,946.9387755102041,652.6500282593375
,,,,,,,,,,,,,,,,,,,,,,,,,,,,,,,,,,,,,,,,,,,,,,,,,,,항목,2020/12,2021/12,2022/12,2023/12,2024/12,전년대비,2025/06,전년동기대비,,,,43556,4.525000095367432,43.81999969482422,27.6299991607666,86.12999725341797,79000,2.242000102996826,,,43374,857.7298717878382,840.8739200917344,1325.3274663621578,921.4651925223214,927.8911564625851,573.806371948023
,,,,,,,,,,,,,,,,,,,,,,,,,,,,,,,,,,,,,,,,,,,,,,,,,,,매출액(수익),319004,429978,446216,327657,661930,102.02,222320,35.37,,,,43525,4.488999843597412,40.95999908447266,25.52000045776367,57.02999877929688,74200,2.11299991607666,,,43344,1143.2871997584543,974.6192564329339,2248.1804879342158,1055.3845974988553,994.5578231292517,902.7595775761636
,,,,,,,,,,,,,,,,,,,,,,,,,,,,,,,,,,,,,,,,,,,,,,,,,,,매출원가,210898,240456,289937,332992,343648,3.2,102486,14.81,,,,43497,3.856499910354614,39.04999923706055,23.53000068664551,53.38999938964844,70000,1.911999940872192,,,43313,1141.9040228062406,962.2599239165344,1831.8777653258735,1006.7399133256067,1129.251700680272,898.3793802495427
,,,,,,,,,,,,,,,,,,,,,,,,,,,,,,,,,,,,,,,,,,,,,,,,,,,판매비와관리비,57980,65419,88184,71969,83608,16.17,27705,36.62,,,,43466,3.59375,37.61999893188477,24.40999984741211,49.52000045776367,73900,1.509999990463257,,,43282,996.1757582195823,909.5122011796011,1334.06115204137,939.0475653903388,1174.1496598639455,968.024549072455
,,,,,,,,,,,,,,,,,,,,,,,,,,,,,,,,,,,,,,,,,,,,,,,,,,,연구개발비,,,,,,,,,,,,43435,3.337500095367432,36.90999984741211,18.45999908447266,56.90999984741211,60500,1.379999995231628,,,43252,963.7917252884089,806.8859030059999,1090.9752562461852,822.2710466210224,1165.9863945578231,1035.9176598511467
,,,,,,,,,,,,,,,,,,,,,,,,,,,,,,,,,,,,,,,,,,,,,,,,,,,영업이익,50126,124103,68094,-77303,234673,403.58,92129,68.47,,,,43405,4.085750102996826,37.59000015258789,21.29999923706055,58.2599983215332,69600,1.490000009536743,,,43221,1025.9967429189683,854.1160801145335,999.272181291964,851.5750759250517,1270.748299319728,1055.6286000370108
,,,,,,,,,,,,,,,,,,,,,,,,,,,,,,,,,,,,,,,,,,,,,,,,,,,,,,,,,,,,,,,43374,5.270750045776367,38.09999847412109,18.20999908447266,62.88999938964844,68200,1.309999942779541,,,43191,914.9715150905188,848.5985344861334,791.8486386958292,747.3992428063473,1149.659863945578,775.2956578368597
,,,,,,,,,,,,,,,,,,,,,,,,,,,,,,,,,,,,,,,,,,,,,,,,,,,,2020/12,2021/12,2022/12,2023/12,2024/12,5Y AVG,2025/06,,,,,43344,7.025499820709229,44.15999984741211,30.88999938964844,72.02999877929688,73100,2.061000108718872,,,43160,942.1887904235889,965.7911497510679,731.4410741010508,811.8681296324119,1106.1224489795918,744.6342765505148
,,,,,,,,,,,,,,,,,,,,,,,,,,,,,,,,,,,,,,,,,,,,,,,,,,,매출원가,0.6611139672229815,0.5592286116964124,0.6497682736611865,1.0162822707892705,0.5191606363210611,0.6811107519381824,0.4609841669665347,,,,,43313,7.017000198364258,43.59999847412109,25.17000007629395,68.70999908447266,83000,2.051000118255615,,,43132,984.540310742633,956.7423782881343,881.3682575259417,952.3809523809523,1044.8979591836735,792.8164471433424
,,,,,,,,,,,,,,,,,,,,,,,,,,,,,,,,,,,,,,,,,,,,,,,,,,,판매비와관리비,0.18175320685634036,0.1521449934647819,0.19762626172078096,0.2196473751514541,0.1263094284894173,0.17549625313655492,0.12461766822598057,,,,,43282,6.121500015258789,41.20999908447266,18.32999992370605,64.08999633789062,86300,2.210000038146973,,,43101,1000,1000,1000,1000,1000,1000
,,,,,,,,,,,,,,,,,,,,,,,,,,,,,,,,,,,,,,,,,,,,,,,,,,,연구개발비,0xf,0xf,0xf,0xf,0xf,0xf,0xf,,,,,43252,5.922500133514404,36.56000137329102,14.98999977111816,56.11999893188477,85700,2.365000009536743,,,,,,,,,
,,,,,,,,,,,,,,,,,,,,,,,,,,,,,,,,,,,,,,,,,,,,,,,,,,,영업이익,0.15713282592067812,0.2886263948388057,0.152603223550926,-0.23592659396869287,0.35452842445575816,0.14339285495949503,0.4143981648074847,,,,,43221,6.304749965667725,38.70000076293945,13.72999954223633,58.11999893188477,93400,2.410000085830688,,,,,,,,,
,,,,,,,,,,,,,,,,,,,,,,,,,,,,,,,,,,,,,,,,,,,,,,,,,,,,,,,,,,,,,,,43191,5.622499942779541,38.45000076293945,10.88000011444092,51.0099983215332,84500,1.769999980926514,,,,,,,,,
,,,,,,,,,,,,,,,,,,,,,,,,,,,,,,,,,,,,,,,,,,,,,,,,,,,SMCI,,,,,,,,,,,,43160,5.789750099182129,43.7599983215332,10.05000019073486,55.40999984741211,81300,1.700000047683716,,,,,,,,,
,,,,,,,,,,,,,,,,,,,,,,,,,,,,,,,,,,,,,,,,,,,,,,,,,,,항목,2021/06,2022/06,2023/06,2024/06,2025/06,전년대비,2025/06,전년동기대비,,,,43132,6.050000190734863,43.34999847412109,12.10999965667725,65,76800,1.809999942779541,,,,,,,,,
,,,,,,,,,,,,,,,,,,,,,,,,,,,,,,,,,,,,,,,,,,,,,,,,,,,매출액(수익),3557,5196,7123,14989,21972,46.59,5757,7.51,,,,43101,6.144999980926514,45.31000137329102,13.73999977111816,68.25,73500,2.282999992370605,,,,,,,,,
,,,,,,,,,,,,,,,,,,,,,,,,,,,,,,,,,,,,,,,,,,,,,,,,,,,매출원가,3023,4396,5840,12928,19542,51.16,5213,8.41,,,,43070,4.837500095367432,39.65000152587891,10.27999973297119,64.0199966430664,76500,2.092999935150146,,,,,,,,,
,,,,,,,,,,,,,,,,,,,,,,,,,,,,,,,,,,,,,,,,,,,,,,,,,,,판매비와관리비,411,463,522,851,1177,38.36,316,22.59,,,,43040,5.017749786376953,39.59999847412109,10.89000034332275,66.33999633789062,76800,2.204999923706055,,,,,,,,,
,,,,,,,,,,,,,,,,,,,,,,,,,,,,,,,,,,,,,,,,,,,,,,,,,,,연구개발비,224,272,307,464,637,37.32,183,43.74,,,,43009,5.170249938964844,42.33000183105469,10.98999977111816,51.0099983215332,82200,1.990000009536743,,,,,,,,,
,,,,,,,,,,,,,,,,,,,,,,,,,,,,,,,,,,,,,,,,,,,,,,,,,,,영업이익,124,335,761,1211,1223,0.98,228,-20.83,,,,42979,4.469250202178955,37.54999923706055,12.75,51.84000015258789,82900,2.210000038146973,,,,,,,,,
,,,,,,,,,,,,,,,,,,,,,,,,,,,,,,,,,,,,,,,,,,,,,,,,,,,,,,,,,,,,,,,42948,4.236000061035156,36.97000122070312,13,52.27000045776367,68600,2.663000106811523,,,,,,,,,
,,,,,,,,,,,,,,,,,,,,,,,,,,,,,,,,,,,,,,,,,,,,,,,,,,,,2021/06,2022/06,2023/06,2024/06,2025/06,5Y AVG,2025/06,,,,,42917,4.062749862670898,35.95999908447266,13.60999965667725,53.18999862670898,66000,2.684999942779541,,,,,,,,,
,,,,,,,,,,,,,,,,,,,,,,,,,,,,,,,,,,,,,,,,,,,,,,,,,,,매출원가,0.8498734888951364,0.8460354118552733,0.8198792643549067,0.8624991660551071,0.889404696886947,0.853538405609474,0.9055063401076949,,,,,42887,3.614000082015991,34.95999908447266,12.47999954223633,55.22000122070312,67400,2.464999914169312,,,,,,,,,
,,,,,,,,,,,,,,,,,,,,,,,,,,,,,,,,,,,,,,,,,,,,,,,,,,,판매비와관리비,0.11554680910879955,0.08910700538876058,0.07328372876596939,0.05677496831009407,0.05356817768068451,0.07765613785086162,0.05488969949626542,,,,,42856,3.608750104904175,35.36000061035156,11.1899995803833,57.27000045776367,57000,2.460000038146973,,,,,,,,,
,,,,,,,,,,,,,,,,,,,,,,,,,,,,,,,,,,,,,,,,,,,,,,,,,,,연구개발비,0.06297441664323869,0.05234795996920708,0.04309981749262951,0.03095603442524518,0.028991443655561625,0.04367393443717641,0.03178738926524231,,,,,42826,2.607500076293945,33.06999969482422,13.30000019073486,53.7400016784668,54000,2.440000057220459,,,,,,,,,
,,,,,,,,,,,,,,,,,,,,,,,,,,,,,,,,,,,,,,,,,,,,,,,,,,,영업이익,0.03486083778464998,0.06447267128560431,0.10683700687912397,0.08079258122623258,0.05566175131986164,0.06852496969909448,0.039603960396039604,,,,,42795,2.723249912261963,32.84000015258789,14.55000019073486,57.34000015258789,50500,2.535000085830688,,,,,,,,,
,,,,,,,,,,,,,,,,,,,,,,,,,,,,,,,,,,,,,,,,,,,,,,,,,,,,,,,,,,,,,,,42767,2.536999940872192,31.46999931335449,14.46000003814697,56.47999954223633,46700,2.599999904632568,,,,,,,,,
,,,,,,,,,,,,,,,,,,,,,,,,,,,,,,,,,,,,,,,,,,,,,,,,,,,,,,,,,,,,,,,42736,2.72950005531311,30.90999984741211,10.36999988555908,53.43000030517578,53700,2.644999980926514,,,,,,,,,
,,,,,,,,,,,,,,,,,,,,,,,,,,,,,,,,,,,,,,,,,,,,,,,,,,,,,,,,,,,,,,,42705,2.668499946594238,28.75,11.34000015258789,65.19999694824219,44700,2.805000066757202,,,,,,,,,
,,,,,,,,,,,,,,,,,,,,,,,,,,,,,,,,,,,,,,,,,,,,,,,,,,,,,,,,,,,,,,,42675,2.305000066757202,29.69000053405762,8.90999984741211,68.12999725341797,42900,2.734999895095825,,,,,,,,,
,,,,,,,,,,,,,,,,,,,,,,,,,,,,,,,,,,,,,,,,,,,,,,,,,,,,,,,,,,,,,,,42644,1.779000043869019,31.10000038146973,7.230000019073486,68.72000122070312,41000,2.369999885559082,,,,,,,,,
,,,,,,,,,,,,,,,,,,,,,,,,,,,,,,,,,,,,,,,,,,,,,,,,,,,,,,,,,,,,,,,42614,1.713000059127808,30.59000015258789,6.909999847412109,68.5,40200,2.336999893188477,,,,,,,,,
,,,,,,,,,,,,,,,,,,,,,,,,,,,,,,,,,,,,,,,,,,,,,,,,,,,,,,,,,,,,,,,42583,1.533499956130981,28.73999977111816,7.400000095367432,63.06999969482422,36450,2.163000106811523,,,,,,,,,
,,,,,,,,,,,,,,,,,,,,,,,,,,,,,,,,,,,,,,,,,,,,,,,,,,,,,,,,,,,,,,,42552,1.427500009536743,27.78000068664551,6.860000133514404,62.58000183105469,34400,2.154999971389771,,,,,,,,,
,,,,,,,,,,,,,,,,,,,,,,,,,,,,,,,,,,,,,,,,,,,,,,,,,,,,,,,,,,,,,,,42522,1.175250053405762,26.22999954223633,5.139999866485596,53.56999969482422,32400,2.484999895095825,,,,,,,,,
,,,,,,,,,,,,,,,,,,,,,,,,,,,,,,,,,,,,,,,,,,,,,,,,,,,,,,,,,,,,,,,42491,1.167999982833862,24.71999931335449,4.570000171661377,54.91999816894531,28700,2.624000072479248,,,,,,,,,
,,,,,,,,,,,,,,,,,,,,,,,,,,,,,,,,,,,,,,,,,,,,,,,,,,,,,,,,,,,,,,,42461,0.8882499933242798,23.59000015258789,3.549999952316284,50.52000045776367,28150,2.690999984741211,,,,,,,,,
,,,,,,,,,,,,,,,,,,,,,,,,,,,,,,,,,,,,,,,,,,,,,,,,,,,,,,,,,,,,,,,42430,0.890749990940094,26.20000076293945,2.849999904632568,51.13999938964844,28150,3.407999992370605,,,,,,,,,
,,,,,,,,,,,,,,,,,,,,,,,,,,,,,,,,,,,,,,,,,,,,,,,,,,,,,,,,,,,,,,,42401,0.7839999794960022,23.54999923706055,2.140000104904175,50.79000091552734,30000,3.246999979019165,,,,,,,,,
,,,,,,,,,,,,,,,,,,,,,,,,,,,,,,,,,,,,,,,,,,,,,,,,,,,,,,,,,,,,,,,42370,0.7322499752044678,22.35000038146973,2.200000047683716,45.34000015258789,27300,2.977999925613403,,,,,,,,,
,,,,,,,,,,,,,,,,,,,,,,,,,,,,,,,,,,,,,,,,,,,,,,,,,,,,,,,,,,,,,,,42339,0.8240000009536743,22.75,2.869999885559082,49.9900016784668,30750,2.450999975204468,,,,,,,,,
,,,,,,,,,,,,,,,,,,,,,,,,,,,,,,,,,,,,,,,,,,,,,,,,,,,,,,,,,,,,,,,42309,0.7929999828338623,22.76000022888184,2.359999895095825,48.79000091552734,31600,2.456000089645386,,,,,,,,,
,,,,,,,,,,,,,,,,,,,,,,,,,,,,,,,,,,,,,,,,,,,,,,,,,,,,,,,,,,,,,,,42278,0.7092499732971191,21.95999908447266,2.119999885559082,59.41999816894531,30700,2.821000099182129,,,,,,,,,
,,,,,,,,,,,,,,,,,,,,,,,,,,,,,,,,,,,,,,,,,,,,,,,,,,,,,,,,,,,,,,,42248,0.6162499785423279,20.75,1.720000028610229,53.72999954223633,33550,2.726000070571899,,,,,,,,,
,,,,,,,,,,,,,,,,,,,,,,,,,,,,,,,,,,,,,,,,,,,,,,,,,,,,,,,,,,,,,,,42217,0.5619999766349792,19.8799991607666,1.809999942779541,56.58000183105469,35800,2.734999895095825,,,,,,,,,
,,,,,,,,,,,,,,,,,,,,,,,,,,,,,,,,,,,,,,,,,,,,,,,,,,,,,,,,,,,,,,,42186,0.4987500011920929,22.11000061035156,1.929999947547913,64.38999938964844,37100,2.66700005531311,,,,,,,,,
,,,,,,,,,,,,,,,,,,,,,,,,,,,,,,,,,,,,,,,,,,,,,,,,,,,,,,,,,,,,,,,42156,0.5027499794960022,22.70999908447266,2.400000095367432,62.63000106811523,42300,2.95799994468689,,,,,,,,,
,,,,,,,,,,,,,,,,,,,,,,,,,,,,,,,,,,,,,,,,,,,,,,,,,,,,,,,,,,,,,,,42125,0.5532500147819519,24.28000068664551,2.279999971389771,69.68000030517578,51100,3.345999956130981,,,,,,,,,
,,,,,,,,,,,,,,,,,,,,,,,,,,,,,,,,,,,,,,,,,,,,,,,,,,,,,,,,,,,,,,,42095,0.5550000071525574,24.44000053405762,2.259999990463257,68,46150,2.877000093460083,,,,,,,,,
,,,,,,,,,,,,,,,,,,,,,,,,,,,,,,,,,,,,,,,,,,,,,,,,,,,,,,,,,,,,,,,42064,0.5232499837875366,23.47999954223633,2.680000066757202,69.33999633789062,45550,3.321000099182129,,,,,,,,,
,,,,,,,,,,,,,,,,,,,,,,,,,,,,,,,,,,,,,,,,,,,,,,,,,,,,,,,,,,,,,,,42036,0.5515000224113464,24.53000068664551,3.109999895095825,72.51000213623047,46600,4.01800012588501,,,,,,,,,
,,,,,,,,,,,,,,,,,,,,,,,,,,,,,,,,,,,,,,,,,,,,,,,,,,,,,,,,,,,,,,,42005,0.4799999892711639,22.70999908447266,2.569999933242798,62.45999908447266,47650,3.657000064849854,,,,,,,,,
,,,,,,,,,,,,,,,,,,,,,,,,,,,,,,,,,,,,,,,,,,,,,,,,,,,,,,,,,,,,,,,41974,0.5012500286102295,22.3799991607666,2.670000076293945,74.33000183105469,47750,3.48799991607666,,,,,,,,,
,,,,,,,,,,,,,,,,,,,,,,,,,,,,,,,,,,,,,,,,,,,,,,,,,,,,,,,,,,,,,,,41944,0.5242499709129333,23.46999931335449,2.789999961853027,72.9000015258789,48050,3.328000068664551,,,,,,,,,
,,,,,,,,,,,,,,,,,,,,,,,,,,,,,,,,,,,,,,,,,,,,,,,,,,,,,,,,,,,,,,,41913,0.4884999990463257,22.02000045776367,2.799999952316284,78.51000213623047,47450,3.196000099182129,,,,,,,,,
,,,,,,,,,,,,,,,,,,,,,,,,,,,,,,,,,,,,,,,,,,,,,,,,,,,,,,,,,,,,,,,41883,0.4612500071525574,20.18000030517578,3.410000085830688,74.7699966430664,46750,2.941999912261963,,,,,,,,,
,,,,,,,,,,,,,,,,,,,,,,,,,,,,,,,,,,,,,,,,,,,,,,,,,,,,,,,,,,,,,,,41852,0.4862500131130219,20.94000053405762,4.170000076293945,76.0999984741211,45400,2.448999881744385,,,,,,,,,
,,,,,,,,,,,,,,,,,,,,,,,,,,,,,,,,,,,,,,,,,,,,,,,,,,,,,,,,,,,,,,,41821,0.4375,20,3.910000085830688,73.72000122070312,45450,2.617000102996826,,,,,,,,,
,,,,,,,,,,,,,,,,,,,,,,,,,,,,,,,,,,,,,,,,,,,,,,,,,,,,,,,,,,,,,,,41791,0.4634999930858612,21.38999938964844,4.190000057220459,79.19999694824219,48550,2.526999950408936,,,,,,,,,
,,,,,,,,,,,,,,,,,,,,,,,,,,,,,,,,,,,,,,,,,,,,,,,,,,,,,,,,,,,,,,,41760,0.4749999940395355,20.55999946594238,4,80.44999694824219,44150,2.150000095367432,,,,,,,,,
,,,,,,,,,,,,,,,,,,,,,,,,,,,,,,,,,,,,,,,,,,,,,,,,,,,,,,,,,,,,,,,41730,0.4617500007152557,20.10000038146973,4.090000152587891,78.70999908447266,40150,2.03600001335144,,,,,,,,,
,,,,,,,,,,,,,,,,,,,,,,,,,,,,,,,,,,,,,,,,,,,,,,,,,,,,,,,,,,,,,,,41699,0.4477500021457672,20.02000045776367,4.010000228881836,78.86000061035156,36000,1.736999988555908,,,,,,,,,
,,,,,,,,,,,,,,,,,,,,,,,,,,,,,,,,,,,,,,,,,,,,,,,,,,,,,,,,,,,,,,,41671,0.4595000147819519,18.06999969482422,3.710000038146973,75.29000091552734,38750,2.019000053405762,,,,,,,,,
,,,,,,,,,,,,,,,,,,,,,,,,,,,,,,,,,,,,,,,,,,,,,,,,,,,,,,,,,,,,,,,41640,0.3925000131130219,16.92000007629395,3.430000066757202,74.22000122070312,37850,2.055999994277954,,,,,,,,,
,,,,,,,,,,,,,,,,,,,,,,,,,,,,,,,,,,,,,,,,,,,,,,,,,,,,,,,,,,,,,,,41609,0.4004999995231628,17.44000053405762,3.869999885559082,74.25,36800,1.715999960899353,,,,,,,,,
,,,,,,,,,,,,,,,,,,,,,,,,,,,,,,,,,,,,,,,,,,,,,,,,,,,,,,,,,,,,,,,41579,0.3899999856948853,17.72999954223633,3.640000104904175,73.58000183105469,35400,1.588000059127808,,,,,,,,,
,,,,,,,,,,,,,,,,,,,,,,,,,,,,,,,,,,,,,,,,,,,,,,,,,,,,,,,,,,,,,,,41548,0.3797500133514404,18.40999984741211,3.339999914169312,69.48999786376953,31950,1.391999959945679,,,,,,,,,
,,,,,,,,,,,,,,,,,,,,,,,,,,,,,,,,,,,,,,,,,,,,,,,,,,,,,,,,,,,,,,,41518,0.3889999985694885,16.95999908447266,3.809999942779541,67.31999969482422,30250,1.353999972343445,,,,,,,,,
,,,,,,,,,,,,,,,,,,,,,,,,,,,,,,,,,,,,,,,,,,,,,,,,,,,,,,,,,,,,,,,41487,0.3687500059604645,16.55999946594238,3.269999980926514,66.27999877929688,28250,1.284000039100647,,,,,,,,,
,,,,,,,,,,,,,,,,,,,,,,,,,,,,,,,,,,,,,,,,,,,,,,,,,,,,,,,,,,,,,,,41456,0.3610000014305115,16.97999954223633,3.769999980926514,64.55999755859375,27200,1.159000039100647,,,,,,,,,
,,,,,,,,,,,,,,,,,,,,,,,,,,,,,,,,,,,,,,,,,,,,,,,,,,,,,,,,,,,,,,,41426,0.3510000109672546,18.31999969482422,4.079999923706055,61.09000015258789,31200,1.064000010490417,,,,,,,,,
,,,,,,,,,,,,,,,,,,,,,,,,,,,,,,,,,,,,,,,,,,,,,,,,,,,,,,,,,,,,,,,41395,0.3617500066757202,18.65999984741211,4,63.47999954223633,32200,1.031000018119812,,,,,,,,,
,,,,,,,,,,,,,,,,,,,,,,,,,,,,,,,,,,,,,,,,,,,,,,,,,,,,,,,,,,,,,,,41365,0.3442499935626984,19.07999992370605,2.819999933242798,61.59999847412109,29900,0.9620000123977661,,,,,,,,,
,,,,,,,,,,,,,,,,,,,,,,,,,,,,,,,,,,,,,,,,,,,,,,,,,,,,,,,,,,,,,,,41334,0.3207499980926514,17.19000053405762,2.549999952316284,66.94000244140625,28750,1.128999948501587,,,,,,,,,
,,,,,,,,,,,,,,,,,,,,,,,,,,,,,,,,,,,,,,,,,,,,,,,,,,,,,,,,,,,,,,,41306,0.3165000081062317,18.25,2.490000009536743,65.63999938964844,26500,1.169999957084656,,,,,,,,,
,,,,,,,,,,,,,,,,,,,,,,,,,,,,,,,,,,,,,,,,,,,,,,,,,,,,,,,,,,,,,,,41275,0.3064999878406525,17.73999977111816,2.599999904632568,66.0199966430664,24400,1.23800003528595,,,,,,,,,
,,,,,,,,,,,,,,,,,,,,,,,,,,,,,,,,,,,,,,,,,,,,,,,,,,,,,,,,,,,,,,,41244,0.3064999878406525,17.15999984741211,2.400000095367432,61.86000061035156,25750,1.019999980926514,,,,,,,,,
,,,,,,,,,,,,,,,,,,,,,,,,,,,,,,,,,,,,,,,,,,,,,,,,,,,,,,,,,,,,,,,41214,0.2992500066757202,17.27000045776367,2.200000047683716,63.61999893188477,24400,0.9330000281333923,,,,,,,,,
,,,,,,,,,,,,,,,,,,,,,,,,,,,,,,,,,,,,,,,,,,,,,,,,,,,,,,,,,,,,,,,41183,0.2994999885559082,15.89999961853027,2.049999952316284,58.61000061035156,24850,0.7900000214576721,,,,,,,,,
,,,,,,,,,,,,,,,,,,,,,,,,,,,,,,,,,,,,,,,,,,,,,,,,,,,,,,,,,,,,,,,41153,0.3334999978542328,15.81999969482422,3.369999885559082,62.47000122070312,22750,1.202999949455261,,,,,,,,,
,,,,,,,,,,,,,,,,,,,,,,,,,,,,,,,,,,,,,,,,,,,,,,,,,,,,,,,,,,,,,,,41122,0.3507499992847443,14.69999980926514,3.720000028610229,61.45999908447266,21200,1.233000040054321,,,,,,,,,
,,,,,,,,,,,,,,,,,,,,,,,,,,,,,,,,,,,,,,,,,,,,,,,,,,,,,,,,,,,,,,,41091,0.3384999930858612,13.97000026702881,4.059999942779541,59.68000030517578,21700,1.241000056266785,,,,,,,,,
,,,,,,,,,,,,,,,,,,,,,,,,,,,,,,,,,,,,,,,,,,,,,,,,,,,,,,,,,,,,,,,41061,0.3454999923706055,13.96000003814697,5.730000019073486,55.68000030517578,23850,1.585999965667725,,,,,,,,,
,,,,,,,,,,,,,,,,,,,,,,,,,,,,,,,,,,,,,,,,,,,,,,,,,,,,,,,,,,,,,,,41030,0.3107500076293945,13.72999954223633,6.079999923706055,57.31000137329102,23100,1.593999981880188,,,,,,,,,
,,,,,,,,,,,,,,,,,,,,,,,,,,,,,,,,,,,,,,,,,,,,,,,,,,,,,,,,,,,,,,,41000,0.324999988079071,15.57999992370605,7.360000133514404,63.83000183105469,28050,1.764999985694885,,,,,,,,,
,,,,,,,,,,,,,,,,,,,,,,,,,,,,,,,,,,,,,,,,,,,,,,,,,,,,,,,,,,,,,,,40969,0.3849999904632568,15.27999973297119,8.020000457763672,68.05999755859375,29250,1.746000051498413,,,,,,,,,
,,,,,,,,,,,,,,,,,,,,,,,,,,,,,,,,,,,,,,,,,,,,,,,,,,,,,,,,,,,,,,,40940,0.3787499964237213,14.52000045776367,7.349999904632568,62.18000030517578,30200,1.654000043869019,,,,,,,,,
,,,,,,,,,,,,,,,,,,,,,,,,,,,,,,,,,,,,,,,,,,,,,,,,,,,,,,,,,,,,,,,40909,0.3692499995231628,14.07999992370605,6.710000038146973,58.81999969482422,26850,1.687000036239624,,,,,,,,,
,,,,,,,,,,,,,,,,,,,,,,,,,,,,,,,,,,,,,,,,,,,,,,,,,,,,,,,,,,,,,,,40878,0.3465000092983246,12.90999984741211,5.400000095367432,54.70000076293945,21950,1.567999958992004,,,,,,,,,
,,,,,,,,,,,,,,,,,,,,,,,,,,,,,,,,,,,,,,,,,,,,,,,,,,,,,,,,,,,,,,,40848,0.390749990940094,12.92000007629395,5.690000057220459,54.79999923706055,22950,1.358999967575073,,,,,,,,,
,,,,,,,,,,,,,,,,,,,,,,,,,,,,,,,,,,,,,,,,,,,,,,,,,,,,,,,,,,,,,,,40817,0.3700000047683716,12.61999988555908,5.829999923706055,51.59999847412109,22850,1.600000023841858,,,,,,,,,
,,,,,,,,,,,,,,,,,,,,,,,,,,,,,,,,,,,,,,,,,,,,,,,,,,,,,,,,,,,,,,,40787,0.3127500116825104,11.43000030517578,5.079999923706055,48.63000106811523,21350,1.253000020980835,,,,,,,,,
,,,,,,,,,,,,,,,,,,,,,,,,,,,,,,,,,,,,,,,,,,,,,,,,,,,,,,,,,,,,,,,40756,0.332749992609024,11.97000026702881,6.829999923706055,51.45999908447266,19100,1.371999979019165,,,,,,,,,
,,,,,,,,,,,,,,,,,,,,,,,,,,,,,,,,,,,,,,,,,,,,,,,,,,,,,,,,,,,,,,,40725,0.3457500040531158,12.35999965667725,7.340000152587891,54.77999877929688,24250,1.409000039100647,,,,,,,,,
,,,,,,,,,,,,,,,,,,,,,,,,,,,,,,,,,,,,,,,,,,,,,,,,,,,,,,,,,,,,,,,40695,0.398499995470047,12.60999965667725,6.989999771118164,56.79000091552734,25050,1.608999967575073,,,,,,,,,
,,,,,,,,,,,,,,,,,,,,,,,,,,,,,,,,,,,,,,,,,,,,,,,,,,,,,,,,,,,,,,,40664,0.5009999871253967,13.65999984741211,8.680000305175781,58.59000015258789,30100,1.677999973297119,,,,,,,,,
,,,,,,,,,,,,,,,,,,,,,,,,,,,,,,,,,,,,,,,,,,,,,,,,,,,,,,,,,,,,,,,40634,0.5,13.5,9.100000381469727,57.09000015258789,33800,1.705999970436096,,,,,,,,,
,,,,,,,,,,,,,,,,,,,,,,,,,,,,,,,,,,,,,,,,,,,,,,,,,,,,,,,,,,,,,,,40603,0.4614999890327454,12.18000030517578,8.600000381469727,54.83000183105469,31300,1.603999972343445,,,,,,,,,
,,,,,,,,,,,,,,,,,,,,,,,,,,,,,,,,,,,,,,,,,,,,,,,,,,,,,,,,,,,,,,,40575,0.5665000081062317,12.28999996185303,9.210000038146973,59.58000183105469,28350,1.495000004768372,,,,,,,,,
,,,,,,,,,,,,,,,,,,,,,,,,,,,,,,,,,,,,,,,,,,,,,,,,,,,,,,,,,,,,,,,40544,0.5979999899864197,13.06999969482422,7.829999923706055,54.13000106811523,29650,1.407999992370605,,,,,,,,,
,,,,,,,,,,,,,,,,,,,,,,,,,,,,,,,,,,,,,,,,,,,,,,,,,,,,,,,,,,,,,,,40513,0.3849999904632568,12.53999996185303,8.180000305175781,49.4900016784668,24000,1.154000043869019,,,,,,,,,
,,,,,,,,,,,,,,,,,,,,,,,,,,,,,,,,,,,,,,,,,,,,,,,,,,,,,,,,,,,,,,,40483,0.3402499854564667,10.75,7.289999961853027,46.81999969482422,23500,1.029999971389771,,,,,,,,,
,,,,,,,,,,,,,,,,,,,,,,,,,,,,,,,,,,,,,,,,,,,,,,,,,,,,,,,,,,,,,,,40452,0.3005000054836273,10.90999984741211,7.340000152587891,45.15999984741211,23150,1.111999988555908,,,,,,,,,
,,,,,,,,,,,,,,,,,,,,,,,,,,,,,,,,,,,,,,,,,,,,,,,,,,,,,,,,,,,,,,,40422,0.2919999957084656,10.14000034332275,7.110000133514404,45.13000106811523,22150,1.039000034332275,,,,,,,,,
,,,,,,,,,,,,,,,,,,,,,,,,,,,,,,,,,,,,,,,,,,,,,,,,,,,,,,,,,,,,,,,40391,0.2332500070333481,9.399999618530273,5.610000133514404,38.29999923706055,21100,0.9039999842643738,,,,,,,,,
,,,,,,,,,,,,,,,,,,,,,,,,,,,,,,,,,,,,,,,,,,,,,,,,,,,,,,,,,,,,,,,40360,0.229750007390976,10.10000038146973,7.489999771118164,38.08000183105469,22500,1.444000005722046,,,,,,,,,
,,,,,,,,,,,,,,,,,,,,,,,,,,,,,,,,,,,,,,,,,,,,,,,,,,,,,,,,,,,,,,,40330,0.2552500069141388,9.760000228881836,7.320000171661377,32.84000015258789,25050,1.350000023841858,,,,,,,,,
,,,,,,,,,,,,,,,,,,,,,,,,,,,,,,,,,,,,,,,,,,,,,,,,,,,,,,,,,,,,,,,40299,0.3285000026226044,9.75,8.569999694824219,35.56000137329102,25150,1.375,,,,,,,,,
,,,,,,,,,,,,,,,,,,,,,,,,,,,,,,,,,,,,,,,,,,,,,,,,,,,,,,,,,,,,,,,40269,0.3927499949932098,10.59000015258789,9.069999694824219,38.68000030517578,28400,1.417999982833862,,,,,,,,,
,,,,,,,,,,,,,,,,,,,,,,,,,,,,,,,,,,,,,,,,,,,,,,,,,,,,,,,,,,,,,,,40238,0.4350000023841858,10.48999977111816,9.270000457763672,41.95999908447266,26700,1.728000044822693,,,,,,,,,
,,,,,,,,,,,,,,,,,,,,,,,,,,,,,,,,,,,,,,,,,,,,,,,,,,,,,,,,,,,,,,,40210,0.4050000011920929,9.75,7.909999847412109,36.68000030517578,21000,1.501000046730042,,,,,,,,,
,,,,,,,,,,,,,,,,,,,,,,,,,,,,,,,,,,,,,,,,,,,,,,,,,,,,,,,,,,,,,,,40179,0.3847500085830688,10.15999984741211,7.460000038146973,39.18999862670898,22750,1.238999962806702,,,,,,,,,
,,,,,,,,,,,,,,,,,,,,,,,,,,,,,,,,,,,,,,,,,,,,,,,,,,,,,,,,,,,,,,,40148,0.4670000076293945,11.4399995803833,9.680000305175781,46.2599983215332,23150,1.111999988555908,,,,,,,,,
,,,,,,,,,,,,,,,,,,,,,,,,,,,,,,,,,,,,,,,,,,,,,,,,,,,,,,,,,,,,,,,40118,0.3264999985694885,10.39000034332275,7.010000228881836,45,18450,0.9739999771118164,,,,,,,,,
,,,,,,,,,,,,,,,,,,,,,,,,,,,,,,,,,,,,,,,,,,,,,,,,,,,,,,,,,,,,,,,40087,0.2989999949932098,9.539999961853027,4.599999904632568,41.33000183105469,18050,0.8059999942779541,,,,,,,,,
,,,,,,,,,,,,,,,,,,,,,,,,,,,,,,,,,,,,,,,,,,,,,,,,,,,,,,,,,,,,,,,40057,0.3757500052452087,10.96000003814697,5.659999847412109,44.97999954223633,19800,0.8460000157356262,,,,,,,,,
,,,,,,,,,,,,,,,,,,,,,,,,,,,,,,,,,,,,,,,,,,,,,,,,,,,,,,,,,,,,,,,40026,0.3630000054836273,10.69999980926514,4.360000133514404,46.41999816894531,21950,0.796999990940094,,,,,,,,,
,,,,,,,,,,,,,,,,,,,,,,,,,,,,,,,,,,,,,,,,,,,,,,,,,,,,,,,,,,,,,,,39995,0.3232499957084656,10.47000026702881,3.660000085830688,46.20999908447266,17600,0.7940000295639038,,,,,,,,,
,,,,,,,,,,,,,,,,,,,,,,,,,,,,,,,,,,,,,,,,,,,,,,,,,,,,,,,,,,,,,,,39965,0.2822499871253967,9.363183975219727,3.869999885559082,45.20000076293945,13650,0.765999972820282,,,,,,,,,
,,,,,,,,,,,,,,,,,,,,,,,,,,,,,,,,,,,,,,,,,,,,,,,,,,,,,,,,,,,,,,,39934,0.2607499957084656,10.88557243347168,4.539999961853027,43.59000015258789,12900,0.6700000166893005,,,,,,,,,
,,,,,,,,,,,,,,,,,,,,,,,,,,,,,,,,,,,,,,,,,,,,,,,,,,,,,,,,,,,,,,,39904,0.2870000004768372,10.51741313934326,3.609999895095825,42.31999969482422,14400,0.5220000147819519,,,,,,,,,
,,,,,,,,,,,,,,,,,,,,,,,,,,,,,,,,,,,,,,,,,,,,,,,,,,,,,,,,,,,,,,,39873,0.2465000003576279,8.905472755432129,3.049999952316284,38.90999984741211,12350,0.492000013589859,,,,,,,,,
,,,,,,,,,,,,,,,,,,,,,,,,,,,,,,,,,,,,,,,,,,,,,,,,,,,,,,,,,,,,,,,39845,0.2070000022649765,7.502488136291504,2.180000066757202,33.43000030517578,8640,0.453000009059906,,,,,,,,,
,,,,,,,,,,,,,,,,,,,,,,,,,,,,,,,,,,,,,,,,,,,,,,,,,,,,,,,,,,,,,,,39814,0.1987500041723251,7.502488136291504,2.190000057220459,34.54999923706055,8940,0.5270000100135803,,,,,,,,,
,,,,,,,,,,,,,,,,,,,,,,,,,,,,,,,,,,,,,,,,,,,,,,,,,,,,,,,,,,,,,,,39783,0.2017499953508377,7.860696792602539,2.160000085830688,35.83000183105469,6700,0.6330000162124634,,,,,,,,,
,,,,,,,,,,,,,,,,,,,,,,,,,,,,,,,,,,,,,,,,,,,,,,,,,,,,,,,,,,,,,,,39753,0.1867499947547913,7.114428043365479,2.359999895095825,33.56999969482422,7490,0.5210000276565552,,,,,,,,,
,,,,,,,,,,,,,,,,,,,,,,,,,,,,,,,,,,,,,,,,,,,,,,,,,,,,,,,,,,,,,,,39722,0.2189999967813492,8.218905448913574,3.5,38.2599983215332,10500,0.628000020980835,,,,,,,,,
,,,,,,,,,,,,,,,,,,,,,,,,,,,,,,,,,,,,,,,,,,,,,,,,,,,,,,,,,,,,,,,39692,0.2677499949932098,9.323383331298828,5.25,42.97000122070312,19350,0.9010000228881836,,,,,,,,,
,,,,,,,,,,,,,,,,,,,,,,,,,,,,,,,,,,,,,,,,,,,,,,,,,,,,,,,,,,,,,,,39661,0.3160000145435333,9.661691665649414,6.289999961853027,52.65000152587891,19400,0.996999979019165,,,,,,,,,
,,,,,,,,,,,,,,,,,,,,,,,,,,,,,,,,,,,,,,,,,,,,,,,,,,,,,,,,,,,,,,,39630,0.2860000133514404,9.452735900878906,4.210000038146973,55.34000015258789,21650,0.7910000085830688,,,,,,,,,
,,,,,,,,,,,,,,,,,,,,,,,,,,,,,,,,,,,,,,,,,,,,,,,,,,,,,,,,,,,,,,,39600,0.4679999947547913,10.85572147369385,5.829999923706055,44.36999893188477,25000,0.7379999756813049,,,,,,,,,
,,,,,,,,,,,,,,,,,,,,,,,,,,,,,,,,,,,,,,,,,,,,,,,,,,,,,,,,,,,,,,,39569,0.6175000071525574,11.39303493499756,6.880000114440918,48.54000091552734,31000,0.7179999947547913,,,,,,,,,
,,,,,,,,,,,,,,,,,,,,,,,,,,,,,,,,,,,,,,,,,,,,,,,,,,,,,,,,,,,,,,,39539,0.5137500166893005,11.18408012390137,5.960000038146973,43.18999862670898,26800,0.7459999918937683,,,,,,,,,
,,,,,,,,,,,,,,,,,,,,,,,,,,,,,,,,,,,,,,,,,,,,,,,,,,,,,,,,,,,,,,,39508,0.4947499930858612,10.21890544891357,5.889999866485596,41,27850,0.8349999785423279,,,,,,,,,
,,,,,,,,,,,,,,,,,,,,,,,,,,,,,,,,,,,,,,,,,,,,,,,,,,,,,,,,,,,,,,,39479,0.5347499847412109,9.69154167175293,7.210000038146973,42.38999938964844,24550,0.8980000019073486,,,,,,,,,
,,,,,,,,,,,,,,,,,,,,,,,,,,,,,,,,,,,,,,,,,,,,,,,,,,,,,,,,,,,,,,,39448,0.6147500276565552,9.203980445861816,7.590000152587891,42.41999816894531,26000,0.9520000219345093,,,,,,,,,
,,,,,,,,,,,,,,,,,,,,,,,,,,,,,,,,,,,,,,,,,,,,,,,,,,,,,,,,,,,,,,,39417,0.8504999876022339,9.91044807434082,7.5,39.34999847412109,25700,0.7670000195503235,,,,,,,,,
,,,,,,,,,,,,,,,,,,,,,,,,,,,,,,,,,,,,,,,,,,,,,,,,,,,,,,,,,,,,,,,39387,0.7885000109672546,9.870647430419922,9.760000228881836,40.77999877929688,25900,0.8259999752044678,,,,,,,,,
,,,,,,,,,,,,,,,,,,,,,,,,,,,,,,,,,,,,,,,,,,,,,,,,,,,,,,,,,,,,,,,39356,0.8845000267028809,10.59701538085938,13.07999992370605,42.72999954223633,25000,1.004999995231628,,,,,,,,,
,,,,,,,,,,,,,,,,,,,,,,,,,,,,,,,,,,,,,,,,,,,,,,,,,,,,,,,,,,,,,,,39326,0.906000018119812,10.06965160369873,13.19999980926514,42.2599983215332,31300,0.9760000109672546,,,,,,,,,
,,,,,,,,,,,,,,,,,,,,,,,,,,,,,,,,,,,,,,,,,,,,,,,,,,,,,,,,,,,,,,,39295,0.852666974067688,9.870647430419922,13,39.88999938964844,33750,0.8339999914169312,,,,,,,,,
,,,,,,,,,,,,,,,,,,,,,,,,,,,,,,,,,,,,,,,,,,,,,,,,,,,,,,,,,,,,,,,39264,0.7626670002937317,10.09950160980225,13.53999996185303,41.65000152587891,37600,0.8949999809265137,,,,,,,,,
,,,,,,,,,,,,,,,,,,,,,,,,,,,,,,,,,,,,,,,,,,,,,,,,,,,,,,,,,,,,,,,39234,0.6884999871253967,11.07462692260742,14.30000019073486,43.38999938964844,33350,1.001000046730042,,,,,,,,,
,,,,,,,,,,,,,,,,,,,,,,,,,,,,,,,,,,,,,,,,,,,,,,,,,,,,,,,,,,,,,,,39203,0.5773329734802246,10.85572147369385,14.27000045776367,42.95000076293945,28750,1.00600004196167,,,,,,,,,
,,,,,,,,,,,,,,,,,,,,,,,,,,,,,,,,,,,,,,,,,,,,,,,,,,,,,,,,,,,,,,,39173,0.5481669902801514,10.48756217956543,13.81999969482422,43.79999923706055,32050,1.041000008583069,,,,,,,,,
,,,,,,,,,,,,,,,,,,,,,,,,,,,,,,,,,,,,,,,,,,,,,,,,,,,,,,,,,,,,,,,39142,0.4796670079231262,10.69651699066162,13.0600004196167,42.65999984741211,32400,0.8989999890327454,,,,,,,,,
,,,,,,,,,,,,,,,,,,,,,,,,,,,,,,,,,,,,,,,,,,,,,,,,,,,,,,,,,,,,,,,39114,0.5166670083999634,11.04477596282959,15.06999969482422,40.29999923706055,31150,,,,,,,,,,
,,,,,,,,,,,,,,,,,,,,,,,,,,,,,,,,,,,,,,,,,,,,,,,,,,,,,,,,,,,,,,,39083,0.5108330249786377,10.85572147369385,15.55000019073486,37.65999984741211,31200,,,,,,,,,,
,,,,,,,,,,,,,,,,,,,,,,,,,,,,,,,,,,,,,,,,,,,,,,,,,,,,,,,,,,,,,,,39052,0.616832971572876,10.8756217956543,20.35000038146973,37.79000091552734,36450,,,,,,,,,,
,,,,,,,,,,,,,,,,,,,,,,,,,,,,,,,,,,,,,,,,,,,,,,,,,,,,,,,,,,,,,,,39022,0.6165000200271606,10.69651699066162,21.56999969482422,36.59000015258789,35400,,,,,,,,,,
,,,,,,,,,,,,,,,,,,,,,,,,,,,,,,,,,,,,,,,,,,,,,,,,,,,,,,,,,,,,,,,38991,0.5811669826507568,9.651741027832031,21.27000045776367,36.38999938964844,34200,,,,,,,,,,
,,,,,,,,,,,,,,,,,,,,,,,,,,,,,,,,,,,,,,,,,,,,,,,,,,,,,,,,,,,,,,,38961,0.4931670129299164,9.552239418029785,24.85000038146973,36.34999847412109,37450,,,,,,,,,,
,,,,,,,,,,,,,,,,,,,,,,,,,,,,,,,,,,,,,,,,,,,,,,,,,,,,,,,,,,,,,,,38930,0.485166996717453,9.26368236541748,24.98999977111816,37.66999816894531,36800,,,,,,,,,,
,,,,,,,,,,,,,,,,,,,,,,,,,,,,,,,,,,,,,,,,,,,,,,,,,,,,,,,,,,,,,,,38899,0.3689999878406525,8.626866340637207,19.38999938964844,35.2599983215332,32450,,,,,,,,,,
,,,,,,,,,,,,,,,,,,,,,,,,,,,,,,,,,,,,,,,,,,,,,,,,,,,,,,,,,,,,,,,38869,0.3548330068588257,9.13432788848877,24.42000007629395,40.06999969482422,30750,,,,,,,,,,
,,,,,,,,,,,,,,,,,,,,,,,,,,,,,,,,,,,,,,,,,,,,,,,,,,,,,,,,,,,,,,,38838,0.382999986410141,9.148432731628418,30.88999938964844,45.20999908447266,32200,,,,,,,,,,
,,,,,,,,,,,,,,,,,,,,,,,,,,,,,,,,,,,,,,,,,,,,,,,,,,,,,,,,,,,,,,,38808,0.4869999885559082,10.12413692474365,32.34999847412109,51.34000015258789,32950,,,,,,,,,,
,,,,,,,,,,,,,,,,,,,,,,,,,,,,,,,,,,,,,,,,,,,,,,,,,,,,,,,,,,,,,,,38777,0.477167010307312,9.718398094177246,33.15999984741211,50.61000061035156,28950,,,,,,,,,,
,,,,,,,,,,,,,,,,,,,,,,,,,,,,,,,,,,,,,,,,,,,,,,,,,,,,,,,,,,,,,,,38749,0.3927499949932098,9.399603843688965,38.66999816894531,47.15999984741211,33200,,,,,,,,,,
,,,,,,,,,,,,,,,,,,,,,,,,,,,,,,,,,,,,,,,,,,,,,,,,,,,,,,,,,,,,,,,38718,0.3746669888496399,10.43327140808105,41.79999923706055,47.95999908447266,37200,,,,,,,,,,
,,,,,,,,,,,,,,,,,,,,,,,,,,,,,,,,,,,,,,,,,,,,,,,,,,,,,,,,,,,,,,,38687,0.3046669960021973,9.573492050170898,30.60000038146973,43.08000183105469,35300,,,,,,,,,,
,,,,,,,,,,,,,,,,,,,,,,,,,,,,,,,,,,,,,,,,,,,,,,,,,,,,,,,,,,,,,,,38657,0.3012500107288361,9.2546968460083,26.18000030517578,45.47000122070312,21900,,,,,,,,,,
,,,,,,,,,,,,,,,,,,,,,,,,,,,,,,,,,,,,,,,,,,,,,,,,,,,,,,,,,,,,,,,38626,0.2795830070972443,7.8056321144104,23.21999931335449,39.7599983215332,19050,,,,,,,,,,
,,,,,,,,,,,,,,,,,,,,,,,,,,,,,,,,,,,,,,,,,,,,,,,,,,,,,,,,,,,,,,,38596,0.2856670022010803,7.940877914428711,25.20000076293945,44.75,23000,,,,,,,,,,
,,,,,,,,,,,,,,,,,,,,,,,,,,,,,,,,,,,,,,,,,,,,,,,,,,,,,,,,,,,,,,,38565,0.2556670010089874,7.950539112091064,20.77000045776367,39.70999908447266,21400,,,,,,,,,,
,,,,,,,,,,,,,,,,,,,,,,,,,,,,,,,,,,,,,,,,,,,,,,,,,,,,,,,,,,,,,,,38534,0.2255000025033951,8.298314094543457,20.07999992370605,39.47999954223633,23900,,,,,,,,,,
,,,,,,,,,,,,,,,,,,,,,,,,,,,,,,,,,,,,,,,,,,,,,,,,,,,,,,,,,,,,,,,38504,0.2226669937372208,8.810317039489746,17.34000015258789,33.0099983215332,17000,,,,,,,,,,
,,,,,,,,,,,,,,,,,,,,,,,,,,,,,,,,,,,,,,,,,,,,,,,,,,,,,,,,,,,,,,,38473,0.225832998752594,8.47358226776123,16.39999961853027,37.27000045776367,15900,,,,,,,,,,
,,,,,,,,,,,,,,,,,,,,,,,,,,,,,,,,,,,,,,,,,,,,,,,,,,,,,,,,,,,,,,,38443,0.1827500015497208,7.921556949615479,14.22999954223633,34.88999938964844,12100,,,,,,,,,,
,,,,,,,,,,,,,,,,,,,,,,,,,,,,,,,,,,,,,,,,,,,,,,,,,,,,,,,,,,,,,,,38412,0.1979999989271164,7.801951885223389,16.1200008392334,36.63000106811523,13050,,,,,,,,,,
,,,,,,,,,,,,,,,,,,,,,,,,,,,,,,,,,,,,,,,,,,,,,,,,,,,,,,,,,,,,,,,38384,0.2415830045938492,8.390777587890625,17.45000076293945,36.04999923706055,15050,,,,,,,,,,
,,,,,,,,,,,,,,,,,,,,,,,,,,,,,,,,,,,,,,,,,,,,,,,,,,,,,,,,,,,,,,,38353,0.1909999996423721,8.050362586975098,15.80000019073486,37.2400016784668,13000,,,,,,,,,,
,,,,,,,,,,,,,,,,,,,,,,,,,,,,,,,,,,,,,,,,,,,,,,,,,,,,,,,,,,,,,,,38322,0.1963330060243607,7.81115198135376,22.02000045776367,42.40000152587891,11650,,,,,,,,,,
,,,,,,,,,,,,,,,,,,,,,,,,,,,,,,,,,,,,,,,,,,,,,,,,,,,,,,,,,,,,,,,38292,0.1594170033931732,7.332730770111084,21.28000068664551,41.61999893188477,10350,,,,,,,,,,
,,,,,,,,,,,,,,,,,,,,,,,,,,,,,,,,,,,,,,,,,,,,,,,,,,,,,,,,,,,,,,,38261,0.1205829977989197,6.964714050292969,16.81999969482422,41.59999847412109,12700,,,,,,,,,,
,,,,,,,,,,,,,,,,,,,,,,,,,,,,,,,,,,,,,,,,,,,,,,,,,,,,,,,,,,,,,,,38231,0.1209999993443489,6.569096088409424,13,39.04000091552734,10500,,,,,,,,,,
,,,,,,,,,,,,,,,,,,,,,,,,,,,,,,,,,,,,,,,,,,,,,,,,,,,,,,,,,,,,,,,38200,0.1038329973816872,6.94631290435791,11.43000030517578,38.04999923706055,10450,,,,,,,,,,
,,,,,,,,,,,,,,,,,,,,,,,,,,,,,,,,,,,,,,,,,,,,,,,,,,,,,,,,,,,,,,,38169,0.1284999996423721,6.550694942474365,12.48999977111816,34.60499954223633,9000,,,,,,,,,,
,,,,,,,,,,,,,,,,,,,,,,,,,,,,,,,,,,,,,,,,,,,,,,,,,,,,,,,,,,,,,,,38139,0.1705829948186874,7.64554500579834,15.89999961853027,36.4900016784668,12650,,,,,,,,,,
,,,,,,,,,,,,,,,,,,,,,,,,,,,,,,,,,,,,,,,,,,,,,,,,,,,,,,,,,,,,,,,38108,0.1954170018434525,8.191597938537598,15.55000019073486,33.53499984741211,11250,,,,,,,,,,
,,,,,,,,,,,,,,,,,,,,,,,,,,,,,,,,,,,,,,,,,,,,,,,,,,,,,,,,,,,,,,,38078,0.1710000038146973,7.691224098205566,14.22000026702881,31.22999954223633,11900,,,,,,,,,,
,,,,,,,,,,,,,,,,,,,,,,,,,,,,,,,,,,,,,,,,,,,,,,,,,,,,,,,,,,,,,,,38047,0.2199999988079071,8.425642967224121,16.22999954223633,33.14500045776367,12250,,,,,,,,,,
,,,,,,,,,,,,,,,,,,,,,,,,,,,,,,,,,,,,,,,,,,,,,,,,,,,,,,,,,,,,,,,38018,0.1854169964790344,8.385290145874023,15,31.54500007629395,8970,,,,,,,,,,
,,,,,,,,,,,,,,,,,,,,,,,,,,,,,,,,,,,,,,,,,,,,,,,,,,,,,,,,,,,,,,,37987,0.1854169964790344,9.022863388061523,14.85999965667725,29.30500030517578,8950,,,,,,,,,,
,,,,,,,,,,,,,,,,,,,,,,,,,,,,,,,,,,,,,,,,,,,,,,,,,,,,,,,,,,,,,,,37956,0.1933329999446869,8.26423168182373,14.89999961853027,26.96500015258789,5600,,,,,,,,,,
,,,,,,,,,,,,,,,,,,,,,,,,,,,,,,,,,,,,,,,,,,,,,,,,,,,,,,,,,,,,,,,37926,0.1769170016050339,8.772676467895508,17.96999931335449,22.27499961853027,6630,,,,,,,,,,
,,,,,,,,,,,,,,,,,,,,,,,,,,,,,,,,,,,,,,,,,,,,,,,,,,,,,,,,,,,,,,,37895,0.1473329961299896,8.926016807556152,15.19999980926514,23.7450008392334,7530,,,,,,,,,,
,,,,,,,,,,,,,,,,,,,,,,,,,,,,,,,,,,,,,,,,,,,,,,,,,,,,,,,,,,,,,,,37865,0.1330830007791519,8.74039363861084,11.10999965667725,20.83499908447266,6710,,,,,,,,,,
,,,,,,,,,,,,,,,,,,,,,,,,,,,,,,,,,,,,,,,,,,,,,,,,,,,,,,,,,,,,,,,37834,0.151417002081871,9.507095336914062,11.28999996185303,20.66500091552734,7970,,,,,,,,,,
,,,,,,,,,,,,,,,,,,,,,,,,,,,,,,,,,,,,,,,,,,,,,,,,,,,,,,,,,,,,,,,37803,0.1590829938650131,8.070539474487305,7.300000190734863,18.73999977111816,7390,,,,,,,,,,
,,,,,,,,,,,,,,,,,,,,,,,,,,,,,,,,,,,,,,,,,,,,,,,,,,,,,,,,,,,,,,,37773,0.1909170001745224,7.532503128051758,6.409999847412109,17.96999931335449,5790,,,,,,,,,,
,,,,,,,,,,,,,,,,,,,,,,,,,,,,,,,,,,,,,,,,,,,,,,,,,,,,,,,,,,,,,,,37742,0.218082994222641,7.577340126037598,7.28000020980835,16.77499961853027,3815,,,,,,,,,,
,,,,,,,,,,,,,,,,,,,,,,,,,,,,,,,,,,,,,,,,,,,,,,,,,,,,,,,,,,,,,,,37712,0.1194169968366623,6.254668235778809,7.440000057220459,15.9399995803833,3230,,,,,,,,,,
,,,,,,,,,,,,,,,,,,,,,,,,,,,,,,,,,,,,,,,,,,,,,,,,,,,,,,,,,,,,,,,37681,0.1073329970240593,5.111341953277588,6.179999828338623,18,2835,,,,,,,,,,
,,,,,,,,,,,,,,,,,,,,,,,,,,,,,,,,,,,,,,,,,,,,,,,,,,,,,,,,,,,,,,,37653,0.1051670014858246,5.298160076141357,5.489999771118164,17.29000091552734,4200,,,,,,,,,,
,,,,,,,,,,,,,,,,,,,,,,,,,,,,,,,,,,,,,,,,,,,,,,,,,,,,,,,,,,,,,,,37622,0.0860000029206276,5.006723880767822,5.239999771118164,18.82999992370605,4935,,,,,,,,,,
,,,,,,,,,,,,,,,,,,,,,,,,,,,,,,,,,,,,,,,,,,,,,,,,,,,,,,,,,,,,,,,37591,0.0959170013666153,5.268269062042236,6.460000038146973,18.19499969482422,5880,,,,,,,,,,
,,,,,,,,,,,,,,,,,,,,,,,,,,,,,,,,,,,,,,,,,,,,,,,,,,,,,,,,,,,,,,,37561,0.1427499949932098,6.912268161773682,9,20.61000061035156,9135,,,,,,,,,,
,,,,,,,,,,,,,,,,,,,,,,,,,,,,,,,,,,,,,,,,,,,,,,,,,,,,,,,,,,,,,,,37530,0.09916699677705765,5.843667984008789,6.139999866485596,17.26000022888184,9975,,,,,,,,,,
,,,,,,,,,,,,,,,,,,,,,,,,,,,,,,,,,,,,,,,,,,,,,,,,,,,,,,,,,,,,,,,37500,0.07133299857378006,4.74517822265625,5.340000152587891,13.8100004196167,8925,,,,,,,,,,
,,,,,,,,,,,,,,,,,,,,,,,,,,,,,,,,,,,,,,,,,,,,,,,,,,,,,,,,,,,,,,,37469,0.0841670036315918,6.10521411895752,8.850000381469727,13.85499954223633,11235,,,,,,,,,,
,,,,,,,,,,,,,,,,,,,,,,,,,,,,,,,,,,,,,,,,,,,,,,,,,,,,,,,,,,,,,,,37438,0.09224999696016312,6.815122127532959,8.029999732971191,13.73999977111816,10710,,,,,,,,,,
,,,,,,,,,,,,,,,,,,,,,,,,,,,,,,,,,,,,,,,,,,,,,,,,,,,,,,,,,,,,,,,37408,0.1431670039892197,9.714537620544434,9.720000267028809,13.74499988555908,5460,,,,,,,,,,
,,,,,,,,,,,,,,,,,,,,,,,,,,,,,,,,,,,,,,,,,,,,,,,,,,,,,,,,,,,,,,,37377,0.2788330018520355,11.26342964172363,11.43000030517578,15.81999969482422,14490,,,,,,,,,,
,,,,,,,,,,,,,,,,,,,,,,,,,,,,,,,,,,,,,,,,,,,,,,,,,,,,,,,,,,,,,,,37347,0.2900829911231995,12.02428913116455,11.18000030517578,15.07999992370605,20055,,,,,,,,,,
,,,,,,,,,,,,,,,,,,,,,,,,,,,,,,,,,,,,,,,,,,,,,,,,,,,,,,,,,,,,,,,37316,0.3696669936180115,14.09626960754395,14.71000003814697,18.81999969482422,30240,,,,,,,,,,
,,,,,,,,,,,,,,,,,,,,,,,,,,,,,,,,,,,,,,,,,,,,,,,,,,,,,,,,,,,,,,,37288,0.4250830113887787,11.0392484664917,13.5,16.625,33915,,,,,,,,,,
,,,,,,,,,,,,,,,,,,,,,,,,,,,,,,,,,,,,,,,,,,,,,,,,,,,,,,,,,,,,,,,37257,0.5478330254554749,11.52837181091309,16.04999923706055,22.02499961853027,52920,,,,,,,,,,
,,,,,,,,,,,,,,,,,,,,,,,,,,,,,,,,,,,,,,,,,,,,,,,,,,,,,,,,,,,,,,,37226,0.5575000047683716,11.66423892974854,15.85999965667725,25.25,50820,,,,,,,,,,
,,,,,,,,,,,,,,,,,,,,,,,,,,,,,,,,,,,,,,,,,,,,,,,,,,,,,,,,,,,,,,,37196,0.4553329944610596,10.82186031341553,13.5600004196167,29.36000061035156,45045,,,,,,,,,,
,,,,,,,,,,,,,,,,,,,,,,,,,,,,,,,,,,,,,,,,,,,,,,,,,,,,,,,,,,,,,,,37165,0.3571670055389404,8.770257949829102,9.84000015258789,24.55999946594238,23415,,,,,,,,,,
,,,,,,,,,,,,,,,,,,,,,,,,,,,,,,,,,,,,,,,,,,,,,,,,,,,,,,,,,,,,,,,37135,0.2289170026779175,6.446920871734619,8.149999618530273,23.77000045776367,19110,,,,,,,,,,
,,,,,,,,,,,,,,,,,,,,,,,,,,,,,,,,,,,,,,,,,,,,,,,,,,,,,,,,,,,,,,,37104,0.3529579937458038,8.817811965942383,13.55000019073486,29.42499923706055,17430,,,,,,,,,,
,,,,,,,,,,,,,,,,,,,,,,,,,,,,,,,,,,,,,,,,,,,,,,,,,,,,,,,,,,,,,,,37073,0.3370830118656158,11.07321453094482,18.26000022888184,31.61499977111816,28875,,,,,,,,,,
,,,,,,,,,,,,,,,,,,,,,,,,,,,,,,,,,,,,,,,,,,,,,,,,,,,,,,,,,,,,,,,37043,0.3864580094814301,10.31914901733398,28.89999961853027,29.23999977111816,58695,,,,,,,,,,
,,,,,,,,,,,,,,,,,,,,,,,,,,,,,,,,,,,,,,,,,,,,,,,,,,,,,,,,,,,,,,,37012,0.3567079901695251,9.636899948120117,28.25,30.3700008392334,91140,,,,,,,,,,
,,,,,,,,,,,,,,,,,,,,,,,,,,,,,,,,,,,,,,,,,,,,,,,,,,,,,,,,,,,,,,,36982,0.3470830023288727,11.76225757598877,31,28.68000030517578,71085,,,,,,,,,,
,,,,,,,,,,,,,,,,,,,,,,,,,,,,,,,,,,,,,,,,,,,,,,,,,,,,,,,,,,,,,,,36951,0.2705079913139343,9.462212562561035,26.54000091552734,28.3125,66255,,,,,,,,,,
,,,,,,,,,,,,,,,,,,,,,,,,,,,,,,,,,,,,,,,,,,,,,,,,,,,,,,,,,,,,,,,36923,0.1861979961395264,9.137101173400879,21.5,27.40625,78750,,,,,,,,,,
,,,,,,,,,,,,,,,,,,,,,,,,,,,,,,,,,,,,,,,,,,,,,,,,,,,,,,,,,,,,,,,36892,0.2151039987802505,11.7137336730957,24.60000038146973,42.03125,122850,,,,,,,,,,
,,,,,,,,,,,,,,,,,,,,,,,,,,,,,,,,,,,,,,,,,,,,,,,,,,,,,,,,,,,,,,,36861,0.1365229934453964,8.370418548583984,13.8125,41.09375,84525,,,,,,,,,,
,,,,,,,,,,,,,,,,,,,,,,,,,,,,,,,,,,,,,,,,,,,,,,,,,,,,,,,,,,,,,,,36831,0.1687500029802322,8.158125877380371,15.25,40.125,143640,,,,,,,,,,
,,,,,,,,,,,,,,,,,,,,,,,,,,,,,,,,,,,,,,,,,,,,,,,,,,,,,,,,,,,,,,,36800,0.2589190006256104,11.00891971588135,22.625,32.5546875,146790,,,,,,,,,,
,,,,,,,,,,,,,,,,,,,,,,,,,,,,,,,,,,,,,,,,,,,,,,,,,,,,,,,,,,,,,,,36770,0.3411459922790527,9.917126655578613,24,35.625,334950,,,,,,,,,,
,,,,,,,,,,,,,,,,,,,,,,,,,,,,,,,,,,,,,,,,,,,,,,,,,,,,,,,,,,,,,,,36739,0.3307290077209473,16.98345756530762,37.5,29.9375,426300,,,,,,,,,,
,,,,,,,,,,,,,,,,,,,,,,,,,,,,,,,,,,,,,,,,,,,,,,,,,,,,,,,,,,,,,,,36708,0.25,14.73921585083008,36,32.46875,365400,,,,,,,,,,
,,,,,,,,,,,,,,,,,,,,,,,,,,,,,,,,,,,,,,,,,,,,,,,,,,,,,,,,,,,,,,,36678,0.2648440003395081,18.71213150024414,38.625,30,462000,,,,,,,,,,
,,,,,,,,,,,,,,,,,,,,,,,,,,,,,,,,,,,,,,,,,,,,,,,,,,,,,,,,,,,,,,,36647,0.2377600073814392,17.13509559631348,40.875,33.1875,369600,,,,,,,,,,
,,,,,,,,,,,,,,,,,,,,,,,,,,,,,,,,,,,,,,,,,,,,,,,,,,,,,,,,,,,,,,,36617,0.1856770068407059,19.8314094543457,43.75,54.21875,369600,,,,,,,,,,
,,,,,,,,,,,,,,,,,,,,,,,,,,,,,,,,,,,,,,,,,,,,,,,,,,,,,,,,,,,,,,,36586,0.1760089993476868,21.60841751098633,29.5,74.65625,516600,,,,,,,,,,
,,,,,,,,,,,,,,,,,,,,,,,,,,,,,,,,,,,,,,,,,,,,,,,,,,,,,,,,,,,,,,,36557,0.1333329975605011,22.67462348937988,19.75,71.21875,375900,,,,,,,,,,
,,,,,,,,,,,,,,,,,,,,,,,,,,,,,,,,,,,,,,,,,,,,,,,,,,,,,,,,,,,,,,,36526,0.07721400260925293,19.66555595397949,18,63.5,554400,,,,,,,,,,
,,,,,,,,,,,,,,,,,,,,,,,,,,,,,,,,,,,,,,,,,,,,,,,,,,,,,,,,,,,,,,,36495,0.09778600186109543,17.05927658081055,14.46875,88.0625,,,,,,,,,,,
,,,,,,,,,,,,,,,,,,,,,,,,,,,,,,,,,,,,,,,,,,,,,,,,,,,,,,,,,,,,,,,36465,0.07213500142097473,13.57634162902832,14.125,45.2890625,,,,,,,,,,,
,,,,,,,,,,,,,,,,,,,,,,,,,,,,,,,,,,,,,,,,,,,,,,,,,,,,,,,,,,,,,,,36434,0.04609400033950806,13.12616634368896,9.90625,27.84375,,,,,,,,,,,
,,,,,,,,,,,,,,,,,,,,,,,,,,,,,,,,,,,,,,,,,,,,,,,,,,,,,,,,,,,,,,,36404,0.04010400176048279,11.18330383300781,8.59375,23.6484375,,,,,,,,,,,
,,,,,,,,,,,,,,,,,,,,,,,,,,,,,,,,,,,,,,,,,,,,,,,,,,,,,,,,,,,,,,,36373,0.05859399959445,10.97006320953369,10.34375,24.0234375,,,,,,,,,,,
,,,,,,,,,,,,,,,,,,,,,,,,,,,,,,,,,,,,,,,,,,,,,,,,,,,,,,,,,,,,,,,36342,0.04192699864506721,9.573691368103027,8.6875,19.5,,,,,,,,,,,
,,,,,,,,,,,,,,,,,,,,,,,,,,,,,,,,,,,,,,,,,,,,,,,,,,,,,,,,,,,,,,,36312,0.03984399884939194,10.47904968261719,9.03125,17.9375,,,,,,,,,,,
,,,,,,,,,,,,,,,,,,,,,,,,,,,,,,,,,,,,,,,,,,,,,,,,,,,,,,,,,,,,,,,36281,0.03554699942469597,8.07118034362793,9.25,12.15625,,,,,,,,,,,
,,,,,,,,,,,,,,,,,,,,,,,,,,,,,,,,,,,,,,,,,,,,,,,,,,,,,,,,,,,,,,,36251,0.03802099823951721,7.396976947784424,8.25,12.5,,,,,,,,,,,
,,,,,,,,,,,,,,,,,,,,,,,,,,,,,,,,,,,,,,,,,,,,,,,,,,,,,,,,,,,,,,,36220,0.04400999844074249,7.281398773193359,7.75,7.773437976837158,,,,,,,,,,,
,,,,,,,,,,,,,,,,,,,,,,,,,,,,,,,,,,,,,,,,,,,,,,,,,,,,,,,,,,,,,,,36192,0.04570300132036209,6.010044097900391,8.9375,4.5625,,,,,,,,,,,
,,,,,,,,,,,,,,,,,,,,,,,,,,,,,,,,,,,,,,,,,,,,,,,,,,,,,,,,,,,,,,,36161,0.0395830012857914,6.164146900177002,11.46875,4.113280773162842,,,,,,,,,,,
,,,,,,,,,,,,,,,,,,,,,,,,,,,,,,,,,,,,,,,,,,,,,,,,,,,,,,,,,,,,,,,,,4.372692108154297,14.5,3.238281011581421,,,,,,,,,,,
,,,,,,,,,,,,,,,,,,,,,,,,,,,,,,,,,,,,,,,,,,,,,,,,,,,,,,,,,,,,,,,,,4.623109817504883,13.84375,3.429687976837158,,,,,,,,,,,
,,,,,,,,,,,,,,,,,,,,,,,,,,,,,,,,,,,,,,,,,,,,,,,,,,,,,,,,,,,,,,,,,4.603847026824951,11.28125,3.476562976837158,,,,,,,,,,,
,,,,,,,,,,,,,,,,,,,,,,,,,,,,,,,,,,,,,,,,,,,,,,,,,,,,,,,,,,,,,,,,,3.775540113449097,9.28125,2.996093988418579,,,,,,,,,,,
,,,,,,,,,,,,,,,,,,,,,,,,,,,,,,,,,,,,,,,,,,,,,,,,,,,,,,,,,,,,,,,,,3.274703025817871,6.5,2.746093988418579,,,,,,,,,,,
,,,,,,,,,,,,,,,,,,,,,,,,,,,,,,,,,,,,,,,,,,,,,,,,,,,,,,,,,,,,,,,,,3.905730962753296,8.625,3.896483898162842,,,,,,,,,,,
,,,,,,,,,,,,,,,,,,,,,,,,,,,,,,,,,,,,,,,,,,,,,,,,,,,,,,,,,,,,,,,,,3.586895942687988,8.53125,3.511718988418579,,,,,,,,,,,
,,,,,,,,,,,,,,,,,,,,,,,,,,,,,,,,,,,,,,,,,,,,,,,,,,,,,,,,,,,,,,,,,4.012010097503662,9.78125,3.257812976837158,,,,,,,,,,,
,,,,,,,,,,,,,,,,,,,,,,,,,,,,,,,,,,,,,,,,,,,,,,,,,,,,,,,,,,,,,,,,,5.220925807952881,13.875,3.515625,,,,,,,,,,,
,,,,,,,,,,,,,,,,,,,,,,,,,,,,,,,,,,,,,,,,,,,,,,,,,,,,,,,,,,,,,,,,,5.49990701675415,14.53125,3.34375,,,,,,,,,,,
,,,,,,,,,,,,,,,,,,,,,,,,,,,,,,,,,,,,,,,,,,,,,,,,,,,,,,,,,,,,,,,,,6.097723007202148,11.75,3.1875,,,,,,,,,,,
,,,,,,,,,,,,,,,,,,,,,,,,,,,,,,,,,,,,,,,,,,,,,,,,,,,,,,,,,,,,,,,,,5.048223972320557,10.09375,3.242187976837158,,,,,,,,,,,
,,,,,,,,,,,,,,,,,,,,,,,,,,,,,,,,,,,,,,,,,,,,,,,,,,,,,,,,,,,,,,,,,3.865876913070679,8.875,3.15625,,,,,,,,,,,
,,,,,,,,,,,,,,,,,,,,,,,,,,,,,,,,,,,,,,,,,,,,,,,,,,,,,,,,,,,,,,,,,4.676249980926514,10.90625,4.234375,,,,,,,,,,,
,,,,,,,,,,,,,,,,,,,,,,,,,,,,,,,,,,,,,,,,,,,,,,,,,,,,,,,,,,,,,,,,,4.197997093200684,11.5,3.523437976837158,,,,,,,,,,,
,,,,,,,,,,,,,,,,,,,,,,,,,,,,,,,,,,,,,,,,,,,,,,,,,,,,,,,,,,,,,,,,,,16.28125,3.980468988418579,,,,,,,,,,,
,,,,,,,,,,,,,,,,,,,,,,,,,,,,,,,,,,,,,,,,,,,,,,,,,,,,,,,,,,,,,,,,,,18.8125,2.890625,,,,,,,,,,,
,,,,,,,,,,,,,,,,,,,,,,,,,,,,,,,,,,,,,,,,,,,,,,,,,,,,,,,,,,,,,,,,,,17.5625,2.890625,,,,,,,,,,,
,,,,,,,,,,,,,,,,,,,,,,,,,,,,,,,,,,,,,,,,,,,,,,,,,,,,,,,,,,,,,,,,,,17.9375,3.179687976837158,,,,,,,,,,,
,,,,,,,,,,,,,,,,,,,,,,,,,,,,,,,,,,,,,,,,,,,,,,,,,,,,,,,,,,,,,,,,,,20,3.015625,,,,,,,,,,,
,,,,,,,,,,,,,,,,,,,,,,,,,,,,,,,,,,,,,,,,,,,,,,,,,,,,,,,,,,,,,,,,,,21.25,2.921875,,,,,,,,,,,
,,,,,,,,,,,,,,,,,,,,,,,,,,,,,,,,,,,,,,,,,,,,,,,,,,,,,,,,,,,,,,,,,,20.75,3.523437976837158,,,,,,,,,,,
,,,,,,,,,,,,,,,,,,,,,,,,,,,,,,,,,,,,,,,,,,,,,,,,,,,,,,,,,,,,,,,,,,18,3.480468988418579,,,,,,,,,,,
,,,,,,,,,,,,,,,,,,,,,,,,,,,,,,,,,,,,,,,,,,,,,,,,,,,,,,,,,,,,,,,,,,17.5625,3.5,,,,,,,,,,,
,,,,,,,,,,,,,,,,,,,,,,,,,,,,,,,,,,,,,,,,,,,,,,,,,,,,,,,,,,,,,,,,,,12.875,2.492187976837158,,,,,,,,,,,
,,,,,,,,,,,,,,,,,,,,,,,,,,,,,,,,,,,,,,,,,,,,,,,,,,,,,,,,,,,,,,,,,,12.125,2.625,,,,,,,,,,,
,,,,,,,,,,,,,,,,,,,,,,,,,,,,,,,,,,,,,,,,,,,,,,,,,,,,,,,,,,,,,,,,,,8.875,2.484375,,,,,,,,,,,
,,,,,,,,,,,,,,,,,,,,,,,,,,,,,,,,,,,,,,,,,,,,,,,,,,,,,,,,,,,,,,,,,,7.375,2.65625,,,,,,,,,,,
,,,,,,,,,,,,,,,,,,,,,,,,,,,,,,,,,,,,,,,,,,,,,,,,,,,,,,,,,,,,,,,,,,6.375,2.710937976837158,,,,,,,,,,,
,,,,,,,,,,,,,,,,,,,,,,,,,,,,,,,,,,,,,,,,,,,,,,,,,,,,,,,,,,,,,,,,,,6.0625,2.710937976837158,,,,,,,,,,,
,,,,,,,,,,,,,,,,,,,,,,,,,,,,,,,,,,,,,,,,,,,,,,,,,,,,,,,,,,,,,,,,,,6.8125,3.320312976837158,,,,,,,,,,,
,,,,,,,,,,,,,,,,,,,,,,,,,,,,,,,,,,,,,,,,,,,,,,,,,,,,,,,,,,,,,,,,,,8.8125,3.402343988418579,,,,,,,,,,,
,,,,,,,,,,,,,,,,,,,,,,,,,,,,,,,,,,,,,,,,,,,,,,,,,,,,,,,,,,,,,,,,,,9.3125,2.421875,,,,,,,,,,,
,,,,,,,,,,,,,,,,,,,,,,,,,,,,,,,,,,,,,,,,,,,,,,,,,,,,,,,,,,,,,,,,,,8.6875,2.59375,,,,,,,,,,,
,,,,,,,,,,,,,,,,,,,,,,,,,,,,,,,,,,,,,,,,,,,,,,,,,,,,,,,,,,,,,,,,,,9.6875,2.464843988418579,,,,,,,,,,,
,,,,,,,,,,,,,,,,,,,,,,,,,,,,,,,,,,,,,,,,,,,,,,,,,,,,,,,,,,,,,,,,,,9.875,2.796875,,,,,,,,,,,
,,,,,,,,,,,,,,,,,,,,,,,,,,,,,,,,,,,,,,,,,,,,,,,,,,,,,,,,,,,,,,,,,,8.25,2.6875,,,,,,,,,,,
,,,,,,,,,,,,,,,,,,,,,,,,,,,,,,,,,,,,,,,,,,,,,,,,,,,,,,,,,,,,,,,,,,10.25,2.585937976837158,,,,,,,,,,,
,,,,,,,,,,,,,,,,,,,,,,,,,,,,,,,,,,,,,,,,,,,,,,,,,,,,,,,,,,,,,,,,,,11.75,2.40625,,,,,,,,,,,
,,,,,,,,,,,,,,,,,,,,,,,,,,,,,,,,,,,,,,,,,,,,,,,,,,,,,,,,,,,,,,,,,,14.5625,2.867187976837158,,,,,,,,,,,
,,,,,,,,,,,,,,,,,,,,,,,,,,,,,,,,,,,,,,,,,,,,,,,,,,,,,,,,,,,,,,,,,,16.875,3.046875,,,,,,,,,,,
,,,,,,,,,,,,,,,,,,,,,,,,,,,,,,,,,,,,,,,,,,,,,,,,,,,,,,,,,,,,,,,,,,16.3125,2.671875,,,,,,,,,,,
,,,,,,,,,,,,,,,,,,,,,,,,,,,,,,,,,,,,,,,,,,,,,,,,,,,,,,,,,,,,,,,,,,18.25,2.160156011581421,,,,,,,,,,,
,,,,,,,,,,,,,,,,,,,,,,,,,,,,,,,,,,,,,,,,,,,,,,,,,,,,,,,,,,,,,,,,,,16.5,1.601562976837158,,,,,,,,,,,
,,,,,,,,,,,,,,,,,,,,,,,,,,,,,,,,,,,,,,,,,,,,,,,,,,,,,,,,,,,,,,,,,,18,1.640625,,,,,,,,,,,
,,,,,,,,,,,,,,,,,,,,,,,,,,,,,,,,,,,,,,,,,,,,,,,,,,,,,,,,,,,,,,,,,,16.9375,2.046875,,,,,,,,,,,
,,,,,,,,,,,,,,,,,,,,,,,,,,,,,,,,,,,,,,,,,,,,,,,,,,,,,,,,,,,,,,,,,,15.1875,1.828125,,,,,,,,,,,
,,,,,,,,,,,,,,,,,,,,,,,,,,,,,,,,,,,,,,,,,,,,,,,,,,,,,,,,,,,,,,,,,,14.6875,1.65625,,,,,,,,,,,
,,,,,,,,,,,,,,,,,,,,,,,,,,,,,,,,,,,,,,,,,,,,,,,,,,,,,,,,,,,,,,,,,,12.4375,1.5,,,,,,,,,,,
,,,,,,,,,,,,,,,,,,,,,,,,,,,,,,,,,,,,,,,,,,,,,,,,,,,,,,,,,,,,,,,,,,12.625,1.921875,,,,,,,,,,,
,,,,,,,,,,,,,,,,,,,,,,,,,,,,,,,,,,,,,,,,,,,,,,,,,,,,,,,,,,,,,,,,,,13.1875,1.84375,,,,,,,,,,,
,,,,,,,,,,,,,,,,,,,,,,,,,,,,,,,,,,,,,,,,,,,,,,,,,,,,,,,,,,,,,,,,,,14.875,1.582031011581421,,,,,,,,,,,
,,,,,,,,,,,,,,,,,,,,,,,,,,,,,,,,,,,,,,,,,,,,,,,,,,,,,,,,,,,,,,,,,,14.5,1.40625,,,,,,,,,,,
,,,,,,,,,,,,,,,,,,,,,,,,,,,,,,,,,,,,,,,,,,,,,,,,,,,,,,,,,,,,,,,,,,13.5,1.125,,,,,,,,,,,
,,,,,,,,,,,,,,,,,,,,,,,,,,,,,,,,,,,,,,,,,,,,,,,,,,,,,,,,,,,,,,,,,,12.5,1,,,,,,,,,,,
,,,,,,,,,,,,,,,,,,,,,,,,,,,,,,,,,,,,,,,,,,,,,,,,,,,,,,,,,,,,,,,,,,13.5,1.023437976837158,,,,,,,,,,,
,,,,,,,,,,,,,,,,,,,,,,,,,,,,,,,,,,,,,,,,,,,,,,,,,,,,,,,,,,,,,,,,,,13.1875,1.328125,,,,,,,,,,,
,,,,,,,,,,,,,,,,,,,,,,,,,,,,,,,,,,,,,,,,,,,,,,,,,,,,,,,,,,,,,,,,,,15.625,1.53125,,,,,,,,,,,
,,,,,,,,,,,,,,,,,,,,,,,,,,,,,,,,,,,,,,,,,,,,,,,,,,,,,,,,,,,,,,,,,,10.75,1.40625,,,,,,,,,,,
,,,,,,,,,,,,,,,,,,,,,,,,,,,,,,,,,,,,,,,,,,,,,,,,,,,,,,,,,,,,,,,,,,10.25,1.570312976837158,,,,,,,,,,,
,,,,,,,,,,,,,,,,,,,,,,,,,,,,,,,,,,,,,,,,,,,,,,,,,,,,,,,,,,,,,,,,,,8.875,1.65625,,,,,,,,,,,
,,,,,,,,,,,,,,,,,,,,,,,,,,,,,,,,,,,,,,,,,,,,,,,,,,,,,,,,,,,,,,,,,,9.5,1.648437976837158,,,,,,,,,,,
,,,,,,,,,,,,,,,,,,,,,,,,,,,,,,,,,,,,,,,,,,,,,,,,,,,,,,,,,,,,,,,,,,9.875,2.390625,,,,,,,,,,,
,,,,,,,,,,,,,,,,,,,,,,,,,,,,,,,,,,,,,,,,,,,,,,,,,,,,,,,,,,,,,,,,,,13.1875,2.585937976837158,,,,,,,,,,,
,,,,,,,,,,,,,,,,,,,,,,,,,,,,,,,,,,,,,,,,,,,,,,,,,,,,,,,,,,,,,,,,,,16.1875,2.4375,,,,,,,,,,,
,,,,,,,,,,,,,,,,,,,,,,,,,,,,,,,,,,,,,,,,,,,,,,,,,,,,,,,,,,,,,,,,,,11.9375,2.101562976837158,,,,,,,,,,,
,,,,,,,,,,,,,,,,,,,,,,,,,,,,,,,,,,,,,,,,,,,,,,,,,,,,,,,,,,,,,,,,,,12.0625,1.8125,,,,,,,,,,,
,,,,,,,,,,,,,,,,,,,,,,,,,,,,,,,,,,,,,,,,,,,,,,,,,,,,,,,,,,,,,,,,,,14.3125,1.414062976837158,,,,,,,,,,,
,,,,,,,,,,,,,,,,,,,,,,,,,,,,,,,,,,,,,,,,,,,,,,,,,,,,,,,,,,,,,,,,,,14.0625,1.421875,,,,,,,,,,,
,,,,,,,,,,,,,,,,,,,,,,,,,,,,,,,,,,,,,,,,,,,,,,,,,,,,,,,,,,,,,,,,,,11.5,1.53125,,,,,,,,,,,
,,,,,,,,,,,,,,,,,,,,,,,,,,,,,,,,,,,,,,,,,,,,,,,,,,,,,,,,,,,,,,,,,,10.875,0.984375,,,,,,,,,,,
,,,,,,,,,,,,,,,,,,,,,,,,,,,,,,,,,,,,,,,,,,,,,,,,,,,,,,,,,,,,,,,,,,9.375,0.921875,,,,,,,,,,,
,,,,,,,,,,,,,,,,,,,,,,,,,,,,,,,,,,,,,,,,,,,,,,,,,,,,,,,,,,,,,,,,,,9.0625,0.7578129768371582,,,,,,,,,,,
,,,,,,,,,,,,,,,,,,,,,,,,,,,,,,,,,,,,,,,,,,,,,,,,,,,,,,,,,,,,,,,,,,8.9375,0.890625,,,,,,,,,,,
,,,,,,,,,,,,,,,,,,,,,,,,,,,,,,,,,,,,,,,,,,,,,,,,,,,,,,,,,,,,,,,,,,8.25,0.765625,,,,,,,,,,,
,,,,,,,,,,,,,,,,,,,,,,,,,,,,,,,,,,,,,,,,,,,,,,,,,,,,,,,,,,,,,,,,,,5.625,0.5625,,,,,,,,,,,
,,,,,,,,,,,,,,,,,,,,,,,,,,,,,,,,,,,,,,,,,,,,,,,,,,,,,,,,,,,,,,,,,,5.0625,0.4804689884185791,,,,,,,,,,,
,,,,,,,,,,,,,,,,,,,,,,,,,,,,,,,,,,,,,,,,,,,,,,,,,,,,,,,,,,,,,,,,,,4.4375,0.5546879768371582,,,,,,,,,,,
,,,,,,,,,,,,,,,,,,,,,,,,,,,,,,,,,,,,,,,,,,,,,,,,,,,,,,,,,,,,,,,,,,4.375,0.609375,,,,,,,,,,,
,,,,,,,,,,,,,,,,,,,,,,,,,,,,,,,,,,,,,,,,,,,,,,,,,,,,,,,,,,,,,,,,,,7.875,0.5742189884185791,,,,,,,,,,,
,,,,,,,,,,,,,,,,,,,,,,,,,,,,,,,,,,,,,,,,,,,,,,,,,,,,,,,,,,,,,,,,,,8.9375,0.65625,,,,,,,,,,,
,,,,,,,,,,,,,,,,,,,,,,,,,,,,,,,,,,,,,,,,,,,,,,,,,,,,,,,,,,,,,,,,,,8.875,0.71875,,,,,,,,,,,
,,,,,,,,,,,,,,,,,,,,,,,,,,,,,,,,,,,,,,,,,,,,,,,,,,,,,,,,,,,,,,,,,,9.1875,0.640625,,,,,,,,,,,
,,,,,,,,,,,,,,,,,,,,,,,,,,,,,,,,,,,,,,,,,,,,,,,,,,,,,,,,,,,,,,,,,,9.4375,0.75,,,,,,,,,,,
,,,,,,,,,,,,,,,,,,,,,,,,,,,,,,,,,,,,,,,,,,,,,,,,,,,,,,,,,,,,,,,,,,8.75,0.7734379768371582,,,,,,,,,,,
,,,,,,,,,,,,,,,,,,,,,,,,,,,,,,,,,,,,,,,,,,,,,,,,,,,,,,,,,,,,,,,,,,7.1875,,,,,,,,,,,,
,,,,,,,,,,,,,,,,,,,,,,,,,,,,,,,,,,,,,,,,,,,,,,,,,,,,,,,,,,,,,,,,,,6.375,,,,,,,,,,,,
,,,,,,,,,,,,,,,,,,,,,,,,,,,,,,,,,,,,,,,,,,,,,,,,,,,,,,,,,,,,,,,,,,4.6875,,,,,,,,,,,,
,,,,,,,,,,,,,,,,,,,,,,,,,,,,,,,,,,,,,,,,,,,,,,,,,,,,,,,,,,,,,,,,,,6.1875,,,,,,,,,,,,
,,,,,,,,,,,,,,,,,,,,,,,,,,,,,,,,,,,,,,,,,,,,,,,,,,,,,,,,,,,,,,,,,,5.5625,,,,,,,,,,,,
,,,,,,,,,,,,,,,,,,,,,,,,,,,,,,,,,,,,,,,,,,,,,,,,,,,,,,,,,,,,,,,,,,6,,,,,,,,,,,,
,,,,,,,,,,,,,,,,,,,,,,,,,,,,,,,,,,,,,,,,,,,,,,,,,,,,,,,,,,,,,,,,,,6.75,,,,,,,,,,,,
,,,,,,,,,,,,,,,,,,,,,,,,,,,,,,,,,,,,,,,,,,,,,,,,,,,,,,,,,,,,,,,,,,6.125,,,,,,,,,,,,
,,,,,,,,,,,,,,,,,,,,,,,,,,,,,,,,,,,,,,,,,,,,,,,,,,,,,,,,,,,,,,,,,,5.25,,,,,,,,,,,,
,,,,,,,,,,,,,,,,,,,,,,,,,,,,,,,,,,,,,,,,,,,,,,,,,,,,,,,,,,,,,,,,,,4.0625,,,,,,,,,,,,
,,,,,,,,,,,,,,,,,,,,,,,,,,,,,,,,,,,,,,,,,,,,,,,,,,,,,,,,,,,,,,,,,,3.625,,,,,,,,,,,,
,,,,,,,,,,,,,,,,,,,,,,,,,,,,,,,,,,,,,,,,,,,,,,,,,,,,,,,,,,,,,,,,,,2.4375,,,,,,,,,,,,
,,,,,,,,,,,,,,,,,,,,,,,,,,,,,,,,,,,,,,,,,,,,,,,,,,,,,,,,,,,,,,,,,,2.1875,,,,,,,,,,,,
,,,,,,,,,,,,,,,,,,,,,,,,,,,,,,,,,,,,,,,,,,,,,,,,,,,,,,,,,,,,,,,,,,1.9375,,,,,,,,,,,,
,,,,,,,,,,,,,,,,,,,,,,,,,,,,,,,,,,,,,,,,,,,,,,,,,,,,,,,,,,,,,,,,,,2.5625,,,,,,,,,,,,
,,,,,,,,,,,,,,,,,,,,,,,,,,,,,,,,,,,,,,,,,,,,,,,,,,,,,,,,,,,,,,,,,,2.6875,,,,,,,,,,,,
,,,,,,,,,,,,,,,,,,,,,,,,,,,,,,,,,,,,,,,,,,,,,,,,,,,,,,,,,,,,,,,,,,3.5,,,,,,,,,,,,
,,,,,,,,,,,,,,,,,,,,,,,,,,,,,,,,,,,,,,,,,,,,,,,,,,,,,,,,,,,,,,,,,,4.75,,,,,,,,,,,,
,,,,,,,,,,,,,,,,,,,,,,,,,,,,,,,,,,,,,,,,,,,,,,,,,,,,,,,,,,,,,,,,,,5.25,,,,,,,,,,,,
,,,,,,,,,,,,,,,,,,,,,,,,,,,,,,,,,,,,,,,,,,,,,,,,,,,,,,,,,,,,,,,,,,4.375,,,,,,,,,,,,
,,,,,,,,,,,,,,,,,,,,,,,,,,,,,,,,,,,,,,,,,,,,,,,,,,,,,,,,,,,,,,,,,,4.5625,,,,,,,,,,,,
,,,,,,,,,,,,,,,,,,,,,,,,,,,,,,,,,,,,,,,,,,,,,,,,,,,,,,,,,,,,,,,,,,4.125,,,,,,,,,,,,
,,,,,,,,,,,,,,,,,,,,,,,,,,,,,,,,,,,,,,,,,,,,,,,,,,,,,,,,,,,,,,,,,,3.625,,,,,,,,,,,,
,,,,,,,,,,,,,,,,,,,,,,,,,,,,,,,,,,,,,,,,,,,,,,,,,,,,,,,,,,,,,,,,,,3.9375,,,,,,,,,,,,
,,,,,,,,,,,,,,,,,,,,,,,,,,,,,,,,,,,,,,,,,,,,,,,,,,,,,,,,,,,,,,,,,,3.75,,,,,,,,,,,,
,,,,,,,,,,,,,,,,,,,,,,,,,,,,,,,,,,,,,,,,,,,,,,,,,,,,,,,,,,,,,,,,,,3.9375,,,,,,,,,,,,
,,,,,,,,,,,,,,,,,,,,,,,,,,,,,,,,,,,,,,,,,,,,,,,,,,,,,,,,,,,,,,,,,,4.4375,,,,,,,,,,,,
,,,,,,,,,,,,,,,,,,,,,,,,,,,,,,,,,,,,,,,,,,,,,,,,,,,,,,,,,,,,,,,,,,4.3125,,,,,,,,,,,,
,,,,,,,,,,,,,,,,,,,,,,,,,,,,,,,,,,,,,,,,,,,,,,,,,,,,,,,,,,,,,,,,,,4.3125,,,,,,,,,,,,
,,,,,,,,,,,,,,,,,,,,,,,,,,,,,,,,,,,,,,,,,,,,,,,,,,,,,,,,,,,,,,,,,,4.875,,,,,,,,,,,,
,,,,,,,,,,,,,,,,,,,,,,,,,,,,,,,,,,,,,,,,,,,,,,,,,,,,,,,,,,,,,,,,,,5.1875,,,,,,,,,,,,
,,,,,,,,,,,,,,,,,,,,,,,,,,,,,,,,,,,,,,,,,,,,,,,,,,,,,,,,,,,,,,,,,,4.4375,,,,,,,,,,,,
,,,,,,,,,,,,,,,,,,,,,,,,,,,,,,,,,,,,,,,,,,,,,,,,,,,,,,,,,,,,,,,,,,4.25,,,,,,,,,,,,
,,,,,,,,,,,,,,,,,,,,,,,,,,,,,,,,,,,,,,,,,,,,,,,,,,,,,,,,,,,,,,,,,,4.125,,,,,,,,,,,,
,,,,,,,,,,,,,,,,,,,,,,,,,,,,,,,,,,,,,,,,,,,,,,,,,,,,,,,,,,,,,,,,,,4.5625,,,,,,,,,,,,
,,,,,,,,,,,,,,,,,,,,,,,,,,,,,,,,,,,,,,,,,,,,,,,,,,,,,,,,,,,,,,,,,,4.3125,,,,,,,,,,,,
,,,,,,,,,,,,,,,,,,,,,,,,,,,,,,,,,,,,,,,,,,,,,,,,,,,,,,,,,,,,,,,,,,3.75,,,,,,,,,,,,
,,,,,,,,,,,,,,,,,,,,,,,,,,,,,,,,,,,,,,,,,,,,,,,,,,,,,,,,,,,,,,,,,,4.5,,,,,,,,,,,,
,,,,,,,,,,,,,,,,,,,,,,,,,,,,,,,,,,,,,,,,,,,,,,,,,,,,,,,,,,,,,,,,,,4.625,,,,,,,,,,,,
,,,,,,,,,,,,,,,,,,,,,,,,,,,,,,,,,,,,,,,,,,,,,,,,,,,,,,,,,,,,,,,,,,5.6875,,,,,,,,,,,,
,,,,,,,,,,,,,,,,,,,,,,,,,,,,,,,,,,,,,,,,,,,,,,,,,,,,,,,,,,,,,,,,,,6.6875,,,,,,,,,,,,
,,,,,,,,,,,,,,,,,,,,,,,,,,,,,,,,,,,,,,,,,,,,,,,,,,,,,,,,,,,,,,,,,,8.25,,,,,,,,,,,,
,,,,,,,,,,,,,,,,,,,,,,,,,,,,,,,,,,,,,,,,,,,,,,,,,,,,,,,,,,,,,,,,,,7.5,,,,,,,,,,,,
,,,,,,,,,,,,,,,,,,,,,,,,,,,,,,,,,,,,,,,,,,,,,,,,,,,,,,,,,,,,,,,,,,7.1875,,,,,,,,,,,,
,,,,,,,,,,,,,,,,,,,,,,,,,,,,,,,,,,,,,,,,,,,,,,,,,,,,,,,,,,,,,,,,,,5.5,,,,,,,,,,,,
,,,,,,,,,,,,,,,,,,,,,,,,,,,,,,,,,,,,,,,,,,,,,,,,,,,,,,,,,,,,,,,,,,6,,,,,,,,,,,,
,,,,,,,,,,,,,,,,,,,,,,,,,,,,,,,,,,,,,,,,,,,,,,,,,,,,,,,,,,,,,,,,,,4.8125,,,,,,,,,,,,
,,,,,,,,,,,,,,,,,,,,,,,,,,,,,,,,,,,,,,,,,,,,,,,,,,,,,,,,,,,,,,,,,,4.9375,,,,,,,,,,,,
,,,,,,,,,,,,,,,,,,,,,,,,,,,,,,,,,,,,,,,,,,,,,,,,,,,,,,,,,,,,,,,,,,4.625,,,,,,,,,,,,
,,,,,,,,,,,,,,,,,,,,,,,,,,,,,,,,,,,,,,,,,,,,,,,,,,,,,,,,,,,,,,,,,,5.75,,,,,,,,,,,,
,,,,,,,,,,,,,,,,,,,,,,,,,,,,,,,,,,,,,,,,,,,,,,,,,,,,,,,,,,,,,,,,,,11,,,,,,,,,,,,
,,,,,,,,,,,,,,,,,,,,,,,,,,,,,,,,,,,,,,,,,,,,,,,,,,,,,,,,,,,,,,,,,,11,,,,,,,,,,,,
,,,,,,,,,,,,,,,,,,,,,,,,,,,,,,,,,,,,,,,,,,,,,,,,,,,,,,,,,,,,,,,,,,9.0625,,,,,,,,,,,,
,,,,,,,,,,,,,,,,,,,,,,,,,,,,,,,,,,,,,,,,,,,,,,,,,,,,,,,,,,,,,,,,,,9.5,,,,,,,,,,,,
,,,,,,,,,,,,,,,,,,,,,,,,,,,,,,,,,,,,,,,,,,,,,,,,,,,,,,,,,,,,,,,,,,10.8125,,,,,,,,,,,,
,,,,,,,,,,,,,,,,,,,,,,,,,,,,,,,,,,,,,,,,,,,,,,,,,,,,,,,,,,,,,,,,,,11.0625,,,,,,,,,,,,
,,,,,,,,,,,,,,,,,,,,,,,,,,,,,,,,,,,,,,,,,,,,,,,,,,,,,,,,,,,,,,,,,,9.9375,,,,,,,,,,,,
,,,,,,,,,,,,,,,,,,,,,,,,,,,,,,,,,,,,,,,,,,,,,,,,,,,,,,,,,,,,,,,,,,10.875,,,,,,,,,,,,
,,,,,,,,,,,,,,,,,,,,,,,,,,,,,,,,,,,,,,,,,,,,,,,,,,,,,,,,,,,,,,,,,,8.75,,,,,,,,,,,,
,,,,,,,,,,,,,,,,,,,,,,,,,,,,,,,,,,,,,,,,,,,,,,,,,,,,,,,,,,,,,,,,,,6.875,,,,,,,,,,,,
,,,,,,,,,,,,,,,,,,,,,,,,,,,,,,,,,,,,,,,,,,,,,,,,,,,,,,,,,,,,,,,,,,7.8125,,,,,,,,,,,,
,,,,,,,,,,,,,,,,,,,,,,,,,,,,,,,,,,,,,,,,,,,,,,,,,,,,,,,,,,,,,,,,,,6.875,,,,,,,,,,,,
,,,,,,,,,,,,,,,,,,,,,,,,,,,,,,,,,,,,,,,,,,,,,,,,,,,,,,,,,,,,,,,,,,7.875,,,,,,,,,,,,
,,,,,,,,,,,,,,,,,,,,,,,,,,,,,,,,,,,,,,,,,,,,,,,,,,,,,,,,,,,,,,,,,,9.6875,,,,,,,,,,,,
,,,,,,,,,,,,,,,,,,,,,,,,,,,,,,,,,,,,,,,,,,,,,,,,,,,,,,,,,,,,,,,,,,7.875,,,,,,,,,,,,
,,,,,,,,,,,,,,,,,,,,,,,,,,,,,,,,,,,,,,,,,,,,,,,,,,,,,,,,,,,,,,,,,,10,,,,,,,,,,,,
,,,,,,,,,,,,,,,,,,,,,,,,,,,,,,,,,,,,,,,,,,,,,,,,,,,,,,,,,,,,,,,,,,13.3125,,,,,,,,,,,,
,,,,,,,,,,,,,,,,,,,,,,,,,,,,,,,,,,,,,,,,,,,,,,,,,,,,,,,,,,,,,,,,,,14.1875,,,,,,,,,,,,
,,,,,,,,,,,,,,,,,,,,,,,,,,,,,,,,,,,,,,,,,,,,,,,,,,,,,,,,,,,,,,,,,,14.25,,,,,,,,,,,,
,,,,,,,,,,,,,,,,,,,,,,,,,,,,,,,,,,,,,,,,,,,,,,,,,,,,,,,,,,,,,,,,,,15.5625,,,,,,,,,,,,
,,,,,,,,,,,,,,,,,,,,,,,,,,,,,,,,,,,,,,,,,,,,,,,,,,,,,,,,,,,,,,,,,,13.6875,,,,,,,,,,,,
,,,,,,,,,,,,,,,,,,,,,,,,,,,,,,,,,,,,,,,,,,,,,,,,,,,,,,,,,,,,,,,,,,14.5,,,,,,,,,,,,
,,,,,,,,,,,,,,,,,,,,,,,,,,,,,,,,,,,,,,,,,,,,,,,,,,,,,,,,,,,,,,,,,,13.9375,,,,,,,,,,,,
,,,,,,,,,,,,,,,,,,,,,,,,,,,,,,,,,,,,,,,,,,,,,,,,,,,,,,,,,,,,,,,,,,11.6875,,,,,,,,,,,,
,,,,,,,,,,,,,,,,,,,,,,,,,,,,,,,,,,,,,,,,,,,,,,,,,,,,,,,,,,,,,,,,,,13.125,,,,,,,,,,,,
,,,,,,,,,,,,,,,,,,,,,,,,,,,,,,,,,,,,,,,,,,,,,,,,,,,,,,,,,,,,,,,,,,13.25,,,,,,,,,,,,
,,,,,,,,,,,,,,,,,,,,,,,,,,,,,,,,,,,,,,,,,,,,,,,,,,,,,,,,,,,,,,,,,,14.875,,,,,,,,,,,,
,,,,,,,,,,,,,,,,,,,,,,,,,,,,,,,,,,,,,,,,,,,,,,,,,,,,,,,,,,,,,,,,,,13,,,,,,,,,,,,
,,,,,,,,,,,,,,,,,,,,,,,,,,,,,,,,,,,,,,,,,,,,,,,,,,,,,,,,,,,,,,,,,,13.25,,,,,,,,,,,,
,,,,,,,,,,,,,,,,,,,,,,,,,,,,,,,,,,,,,,,,,,,,,,,,,,,,,,,,,,,,,,,,,,13.9375,,,,,,,,,,,,
,,,,,,,,,,,,,,,,,,,,,,,,,,,,,,,,,,,,,,,,,,,,,,,,,,,,,,,,,,,,,,,,,,16.6875,,,,,,,,,,,,
,,,,,,,,,,,,,,,,,,,,,,,,,,,,,,,,,,,,,,,,,,,,,,,,,,,,,,,,,,,,,,,,,,16.625,,,,,,,,,,,,
,,,,,,,,,,,,,,,,,,,,,,,,,,,,,,,,,,,,,,,,,,,,,,,,,,,,,,,,,,,,,,,,,,17.5625,,,,,,,,,,,,
,,,,,,,0x2a,0x2a,0x2a,,,,,,,,0x2a,,,,,,0x2a,0,0,0,0,0,0,0,0,0,0,0,0,,,,,,,,,,,,,,,,,,,,,,,,,,,,,,,,,,,,,,,,,,,
